2476 4050
135 234 174 290 60
218 245 259 292 lv.
282 244 450 292 Joncfflnvs
472 247 678 296 cnunnnnlvs
723 248 879 294 HENRIGVS
901 247 1052 297 PORSIVS.

219 422 259 478 Et
282 439 440 495 suppressa
463 440 515 480 suo
539 429 671 496 ternpore
695 426 759 482 iura
782 425 872 496 gemit

176 516 346 589 Damnaque
371 518 506 589 deplorat
526 518 605 589 belli,
629 520 738 591 probat
761 521 822 577 otia
844 519 926 591 pacis

219 611 260 667 Et
281 610 367 668 findit
391 613 469 670 claro
493 614 571 685 ligna
594 614 736 671 struenda
757 614 833 671 foce.

134 724 161 764 oa
177 706 239 763 Neo
263 723 333 778 quas
358 723 460 764 saevus
484 724 567 765 amor
589 726 673 766 curas
697 708 787 766 habet
808 709 885 765 illius
908 715 1029 780 angunt

220 798 327 869 Corda,
352 801 449 858 soluta
471 803 553 859 malis
578 803 831 890 sollicitudinibus.

176 895 246 952 Tale
268 896 339 952 mihi
363 896 449 954 detur
471 898 596 968 spatium
621 898 776 955 decurrere
799 898 876 955 vitae

219 989 253 1046 In
275 991 397 1061 pulchro
420 990 522 1048 Moeni
544 992 629 1049 litore
653 992 827 1050 Franconici

177 1084 258 1142 Inter
279 1085 503 1158 Hamadryadas
526 1085 627 1144 faciles
650 1088 747 1158 patria
770 1103 840 1143 arva
863 1086 1031 1144 colentem:

219 1178 242 1236 Ο
267 1180 407 1237 desiderii
429 1182 487 1236 sint
510 1185 575 1238 rata
597 1187 666 1239 vota
688 1181 758 1239 mei!

415 1565 614 1623 HENRICVS
638 1565 835 1624 PRORSIVS.

484 1720 760 1792 Propempticon

236 1822 278 1878 ad
301 1823 467 1880 Ioannem
490 1823 690 1894 Philippum
713 1822 1016 1895 Kornbergerum.

175 1941 255 2013 Ergo
280 1943 376 1999 animo
400 1942 492 1998 visum
516 1946 561 1998 est
584 1943 651 1999 anni
673 1941 797 1999 florente
820 1943 938 2000 iuventa

219 2036 346 2108 Carpere
369 2038 560 2109 propositam,
586 2054 652 2094 care
677 2037 819 2109 Philippa
845 2035 940 2094 viem?

175 2132 381 2205 Adsuetosque
403 2133 476 2190 libet
498 2133 555 2190 iam
579 2132 745 2190 deseruisse
768 2137 889 2203 penates

217 2227 282 2296 Hic,
306 2227 357 2284 ubi
379 2227 489 2284 vicinos
512 2228 621 2299 inrigat
643 2227 727 2284 Albis
750 2243 845 2298 agros

146 2321 250 2379 oVere
273 2338 358 2390 novo,
384 2338 439 2393 quo
464 2328 569 2378 cuncta
592 2339 674 2378 suum
697 2337 836 2393 reparare
860 2321 993 2392 vigorem

219 2416 366 2487 Incipiunt
389 2417 484 2485 terris
510 2433 594 2488 quem
616 2416 680 2473 fera
702 2417 810 2488 pressit
832 2416 934 2486 hiemS,

176 2510 248 2567 Cum
271 2511 401 2567 resoluta
424 2511 489 2567 sinu
511 2511 603 2567 iactat
626 2528 678 2568 sua
701 2527 821 2569 munera
846 2511 956 2582 passim

216 2605 313 2663 Tellus
338 2611 368 2663 et
390 2606 486 2663 varias
509 2606 636 2677 parturit
658 2606 732 2663 uber
754 2622 834 2677 opes,
934 2628 935 2631 ¹

176 2698 247 2757 Cum
271 2701 355 2757 simul
378 2705 527 2758 ostentant
549 2700 679 2758 hibernis
703 2701 780 2758 dona
804 2700 906 2757 diebus

132 2814 160 2854 1o
217 2795 329 2853 Abdita
350 2793 491 2867 frugifero
515 2795 646 2867 germina
672 2801 776 2851 cuncta
800 2796 871 2852 solo.

175 2891 293 2948 Scilicet
314 2895 347 2947 ut
370 2896 465 2948 mater
486 2891 575 2947 variis
597 2890 670 2947 haec
693 2890 781 2946 rebus
805 2889 935 2946 abundat

216 2988 312 3057 Atque
335 3002 427 3057 penus
450 2985 544 3042 instar
566 3000 687 3041 munera
709 2984 791 3056 larga
813 2982 902 3051 fovet,

174 3082 213 3137 At
238 3085 375 3137 concreta
398 3085 496 3136 tamen
518 3079 648 3150 glacialis
671 3077 781 3150 frigore
804 3079 924 3135 brumae

218 3174 345 3231 Condita
367 3173 528 3230 visceribus
551 3173 676 3230 reddere
700 3174 795 3230 nescit
818 3190 860 3242 ca,

132 3287 158 3329 15
174 3269 232 3326 Sed
254 3269 330 3325 veris
354 3268 495 3325 redeunte
518 3269 586 3324 novi
608 3268 773 3339 placidique
797 3267 897 3326 favore

216 3363 398 3419 constrictos
421 3363 502 3420 laxat
525 3362 630 3419 deinde
654 3363 768 3425 reclusa
790 3379 879 3433 poros

173 3458 376 3529 Proventuque
399 3458 548 3514 hominum
571 3457 663 3514 vitain
685 3457 755 3514 beat
778 3457 868 3513 ubere
893 3474 1003 3528 reruni,

217 3553 382 3610 Thesauros
406 3552 531 3610 fundens
555 3553 645 3609 divite
669 3568 762 3608 inesse
787 3568 869 3607 suos:

168 3647 226 3717 sle,
254 3664 318 3706 oum
342 3647 493 3706 Pieridum
517 3646 615 3703 studio
640 3663 765 3717 curaque
790 3646 910 3702 dearum
1024 3556 1069 3807 Ἰ
