2476 4050
167 194 225 252 118
319 207 361 251 rx.
391 205 526 252 renunes
550 209 655 253 usion.
701 208 824 254 Annuus
848 208 984 253 srennvs

205 383 331 455 Tempus
355 384 419 454 erit,
444 384 576 457 rapidum
600 385 714 458 (quando
739 386 819 443 canis
842 386 952 443 excitat
975 390 1101 457 aestum,

249 478 329 535 Tunc
351 484 483 537 metuens
506 481 601 552 ignem
625 481 734 538 cortice
756 480 887 538 membra
909 484 996 552 teget.

207 574 303 631 Stulta
325 574 403 631 leves
428 575 546 646 capiunt
568 575 688 645 animos,
713 592 766 632 sua
789 575 889 647 cuique
913 572 1004 632 libido
1029 581 1085 646 est,

248 669 349 726 Vtrem
371 685 424 740 pro
448 669 561 727 cithara
583 668 691 742 gaudet
712 669 822 727 habere
844 668 963 727 Midas’

465 1055 630 1113 ADAMVS
654 1055 827 1114 SIBERVS.

265 1208 315 1266 De
340 1215 514 1282 corrupto
539 1211 673 1268 saeculi
694 1209 901 1282 praesentis
925 1213 1033 1266 statu.

207 1328 372 1402 Corruptos
395 1347 491 1388 mores
515 1332 660 1404 saeclique
682 1329 868 1389 incommoda
890 1329 983 1386 nostri

251 1425 324 1494 Quis
346 1441 405 1482 non
428 1426 490 1497 quis
514 1426 613 1483 doleat
635 1443 707 1484 voce
729 1429 868 1498 gemente
884 1420 998 1481 bonus?

207 1519 263 1576 l‘ro
288 1535 376 1591 grege
401 1537 472 1592 quos
496 1519 604 1578 Christi
626 1519 707 1578 Deus
729 1521 760 1577 in
783 1519 909 1577 statione
931 1533 1060 1590 manere,

250 1614 329 1684 Quos
354 1614 436 1672 verbi
460 1632 558 1673 curam
581 1616 701 1673 mandat
723 1613 832 1672 habere
855 1614 908 1682 sui,

176 1708 367 1768 nPontifices
390 1709 501 1768 iaciunt
523 1711 617 1769 ventri
640 1711 749 1768 servire
772 1709 860 1780 periti

247 1804 421 1863 Doctrinam
443 1805 527 1864 ludos
552 1806 727 1877 deliciasque
750 1805 815 1861 Dei.

207 1900 277 1972 Ipse
300 1899 399 1958 Erebo
424 1902 525 1973 quise
548 1899 632 1972 fingit
654 1902 792 1972 caeloque
814 1903 972 1971 potentem,

248 1995 380 2053 Ausonia
404 2000 525 2053 satanae
547 1996 664 2068 praesul
686 1997 717 2052 in
739 1993 810 2051 urbe
834 1999 925 2060 sacer,

205 2090 261 2160 Qui
284 2090 365 2163 leges
388 2091 484 2162 pretio
507 2089 571 2164 figit
593 2092 745 2163 pretioque
768 2087 866 2161 refigit

164 2203 190 2244 io
248 2185 289 2242 Et
313 2186 385 2243 caeli
407 2185 492 2244 fictas
514 2186 615 2244 vendit
638 2203 742 2244 avarus
766 2200 845 2256 opes,

205 2279 316 2337 Ebrius
340 2281 466 2337 innocuo
490 2285 656 2339 sanctorum
680 2280 828 2352 sanguine,
855 2277 964 2334 Christi

248 2373 288 2430 Vt
312 2375 371 2431 ruit
393 2375 424 2431 in
446 2375 583 2432 miserum
607 2391 660 2432 ceu
682 2376 729 2433 lea
752 2389 839 2432 saeva
861 2387 987 2445 gregem,

206 2469 254 2526 Nil
276 2469 455 2526 intentatum
479 2469 633 2527 scelerisve
658 2469 753 2528 dolive
776 2469 949 2541 relinquens

248 2563 274 2620 Ε
298 2567 362 2621 toto
385 2580 491 2622 nomen
514 2564 597 2622 tollat
619 2569 651 2622 ut
674 2563 744 2622 orbe
767 2564 823 2621 Dei

164 2677 190 2718 re
207 2658 319 2732 Perque
343 2676 411 2717 suos
434 2659 601 2726 monachos,
627 2658 749 2732 Cocytia
771 2663 910 2726 monstra,
934 2656 1054 2714 Baalem

248 2753 384 2811 Moribus
408 2760 438 2812 et
460 2753 557 2813 firmet
579 2771 670 2827 regna
691 2755 810 2812 inimica
832 2753 927 2821 bonis

206 2850 240 2905 ln
263 2848 366 2921 quibus
390 2850 534 2922 impietas,
559 2850 719 2918 mendacia,
743 2848 832 2907 foeda
853 2846 945 2904 libido

248 2943 304 3000 Pro
332 2943 449 3002 Christo
473 2949 593 3002 teneant
614 2960 724 3017 proque
747 2943 859 3016 pudore
882 2942 986 2999 locum.

205 3038 283 3107 Quos
307 3055 397 3110 penes
421 3045 467 3097 est
488 3056 572 3112 reges
595 3040 692 3112 legum
715 3037 882 3096 veneranda
904 3041 1046 3110 potestas,

161 3151 203 3192 eo
250 3131 325 3201 Heu,
349 3134 435 3205 pauci
460 3135 582 3191 credunt
604 3133 731 3191 muneris
756 3149 820 3191 esse
843 3132 888 3189 sui

203 3228 244 3284 Et
269 3243 372 3285 curare
395 3229 510 3287 scholas
534 3235 563 3286 et
587 3228 724 3301 dogmata
749 3244 819 3285 vera
841 3227 918 3283 tueri

248 3322 397 3395 Quemque
420 3323 464 3379 sui
488 3324 595 3381 cultum
620 3323 793 3396 comprobat
815 3320 990 3394 ipseDeus,

205 3417 261 3474 Pro
285 3417 382 3488 patria
406 3418 522 3486 ermari,
548 3418 705 3476 detrudere
728 3415 834 3474 finibus
856 3417 972 3474 hostem

246 3512 287 3568 Et
310 3512 381 3570 dare
406 3512 494 3584 digna
515 3513 599 3572 bonis
623 3513 764 3586 praemia,
789 3512 877 3584 digne
899 3511 991 3568 malie.

160 3624 188 3664 25
205 3607 335 3665 Maxima
357 3625 425 3681 pars
448 3607 552 3666 Latiae
575 3608 737 3666 meretricis
761 3607 866 3678 pocula
889 3605 990 3663 sorbet
