2476 4050
168 205 228 263 trs
303 217 343 260 un
369 215 494 261 rueras
517 217 731 263 ssooaonovs.
774 220 908 264 missas
929 221 1040 267 moa.

162 392 317 465 maleque
340 395 428 451 etiam
450 395 529 453 nullo
551 404 583 451 ut
606 396 732 468 reliquos
756 413 856 453 errore
879 398 983 465 teneri,

221 487 253 545 Si
274 505 362 560 saepe
386 490 550 547 haereticos
573 491 680 547 clames
703 491 878 563 damnesque
899 500 1040 563 potenter

220 582 446 656 Suermerosque
469 601 555 642 sones
578 586 641 642 sine
663 584 721 642 fine
743 586 871 658 nihilque
892 586 1022 658 loquaris

219 677 343 737 Novisse
366 680 484 736 insanos
507 680 581 748 illos,
607 680 660 737 sed
681 681 808 752 turpiter
828 697 919 753 usque

219 772 329 830 Errare
352 775 381 829 in
406 775 496 831 sacris
520 775 611 846 signis
636 773 810 847 Christoque
832 773 957 847 fideque,

163 886 205 927 mo
219 867 281 924 Nec
304 867 403 936 refert,
427 885 464 925 an
487 869 557 941 quid
579 869 704 927 doceant
727 871 897 941 cognoveris
920 888 1048 943 unquam

220 961 378 1034 Scriptisve
399 970 453 1020 aut
474 963 595 1021 meliore
617 981 706 1036 queas
728 964 898 1022 subvertere
921 981 1009 1022 sensu

219 1059 266 1114 An
288 1057 381 1114 solum
403 1058 524 1115 alterius
548 1058 667 1115 studeas
691 1059 848 1116 conludere
871 1064 979 1116 sectae.

219 1151 283 1209 Hoc
306 1153 393 1209 etiam
416 1169 531 1221 moneo,
555 1153 697 1224 quaedam
720 1153 889 1210 resonantia
909 1160 1010 1225 captes

217 1245 257 1302 Et
280 1263 352 1319 quae
376 1265 440 1304 cum
461 1265 566 1319 magno
590 1248 706 1304 volvant
729 1254 760 1304 ut
783 1248 912 1320 pondere
935 1249 1035 1316 verba,

161 1339 254 1400 1th
278 1347 345 1398 sunt
367 1343 490 1398 concilia
512 1348 541 1398 et
564 1347 672 1412 patres
697 1343 829 1411 ecclesia,
853 1342 982 1412 verbum,

216 1435 443 1505 Testamentum,
467 1453 558 1506 error,
583 1443 797 1494 sacramentum
819 1441 905 1510 atque
928 1438 1073 1509 papistae‚

217 1528 367 1602 Maiestas,
392 1531 573 1599 clementum,
598 1531 738 1600 internus
762 1533 866 1604 gratia,
890 1547 984 1603 reges,

217 1624 357 1682 Haeresis
380 1632 466 1699 atque
490 1626 577 1696 salus,
602 1632 770 1684 satanarum
792 1626 881 1683 millia
903 1632 1029 1696 centum,

216 1718 342 1791 Spiritus
366 1727 397 1777 ot
419 1720 563 1792 permulta
586 1721 670 1778 huius
695 1728 740 1778 sat
763 1727 833 1779 nota
855 1719 977 1789 farinae,

159 1829 201 1873 170
216 1813 298 1872 Haeo
320 1815 345 1871 si
368 1815 515 1873 horrenda
538 1820 622 1872 tuens
646 1833 807 1888 magnoque
830 1815 927 1872 effaris
949 1815 1042 1885 hiatu,

217 1907 311 1967 Crede
333 1910 412 1978 mihi,
437 1927 571 1982 magnum
596 1915 641 1967 est
663 1910 800 1967 habitura
823 1911 919 1967 oratio
941 1910 1067 1981 pondus.

216 2003 340 2076 Magnus
364 2004 422 2061 eris
445 2004 530 2062 valde
553 2003 713 2077 doctusque
736 2005 874 2062 videbere
896 2005 982 2076 vulgo

163 2172 166 2177 Ι
219 2096 396 2172 Cunctaque,
421 2116 494 2171 quae
517 2105 631 2157 veteres
655 2105 684 2156 et
707 2117 780 2172 quae
804 2100 947 2171 scripsere
970 2101 1087 2170 novelli,

214 2194 297 2266 Aque
321 2194 468 2252 hominum
492 2202 579 2267 captu
602 2195 680 2252 solus
703 2196 820 2252 novisse
843 2199 965 2251 remota.

160 2303 201 2346 mo
217 2286 313 2357 Quare
328 2289 392 2358 hae,
418 2306 435 2345 o
451 2289 572 2358 iuvenis,
597 2288 730 2361 gradere,
747 2289 821 2347 haec
835 2289 1138 2360 praeceptarevolve,

213 2380 331 2455 Absque
354 2382 455 2440 labore
479 2384 556 2440 omni
578 2381 699 2454 fastigia
722 2400 833 2441 summa
858 2382 1031 2454 prehendes

213 2475 295 2534 Siout
317 2483 347 2534 et
369 2494 386 2534 a
409 2478 507 2534 multis
530 2477 594 2534 aliis
619 2494 791 2548 comprensa
814 2477 953 2535 videmus.

213 2570 316 2629 Dicam
338 2572 422 2643 plura
445 2573 526 2641 alias,
551 2572 609 2629 iam
632 2573 710 2630 nulla
733 2573 803 2630 mihi
826 2573 887 2630 otia
909 2576 1031 2629 restant.

542 2780 745 2788 ——--

477 2966 650 3025 IOANNES
675 2966 812 3025 MAIOR.

416 3114 575 3188 Idyllion
598 3114 638 3172 de
662 3111 870 3171 Philomela.

199 3234 258 3297 Ver
280 3241 353 3309 orat,
378 3240 408 3293 et
430 3236 524 3294 lenem
547 3234 692 3291 meditans
715 3231 865 3306 spatiabor
888 3231 926 3289 ad
948 3230 1056 3300 Albim,

239 3331 299 3393 Ore
322 3329 393 3390 lacit
416 3330 515 3389 dulces
539 3345 595 3401 qua
618 3328 780 3386 Philomela
807 3343 904 3395 sonos,

192 3428 277 3498 ‘Quae
301 3429 439 3502 quantum
463 3423 581 3496 reliquis
604 3425 737 3495 praestat
760 3421 914 3479 dulcedine
936 3419 1026 3487 vocis,

242 3520 389 3595 Respecto
412 3519 530 3591 reliquis
554 3523 613 3576 tam
636 3516 711 3574 solet
734 3533 798 3573 esse
825 3515 928 3572 minor.

165 3616 281 3679 ullueo
305 3615 389 3674 sodet
412 3615 572 3673 insomnem
596 3616 683 3670 currtu
706 3611 801 3668 solata
823 3609 954 3667 lahorem
1030 3623 1033 3628 ·
