2476 4050
430 213 451 259 1.
474 212 627 257 ouoaelvs
643 210 751 256 LOGVS.

151 390 244 460 Quam
266 391 348 447 iuxta
370 391 465 447 aerias
488 395 573 461 pater
595 389 784 460 Appenninus
807 387 837 443 iu
860 404 942 445 arces

194 486 319 556 Altaque
343 485 455 541 saxosis
478 483 572 540 fertur
593 485 623 539 in
646 489 726 540 astra
748 483 832 555 iugis.

110 597 137 638 15
153 579 208 635 Hie
231 596 276 635 me
299 577 452 636 florentem
475 579 588 648 studiis,
612 577 783 635 florentibus
808 578 899 644 annis,

195 673 400 745 Musarumque
425 674 505 731 ebori
528 678 665 745 castaque
689 689 772 729 saera
794 673 902 741 iuvant,
956 689 959 695 ·

152 768 191 824 Et
214 785 259 824 me
283 768 373 825 divini
394 768 489 826 fontes
514 773 544 825 et
566 785 688 826 amoena
711 768 804 824 111111

193 862 356 932 Delectant,
381 864 489 920 sanetis
514 880 586 934 quae
609 864 674 920 loca
697 863 774 919 oulta
798 862 869 918 dois.

152 957 208 1013 Hie
230 956 345 1014 habitat
368 957 503 1014 Phoebus
526 957 685 1029 Musaeque
709 962 795 1028 atque
819 957 929 1028 optima
951 956 1057 1023 Pallas,

108 1069 137 1110 ao
195 1052 321 1124 Integris
345 1070 465 1124 quorurn
486 1051 616 1109 fontibus
640 1051 789 1121 malave,

152 1145 224 1203 Cum
246 1153 344 1204 tamen
365 1147 479 1203 interea
501 1147 586 1218 longe
609 1147 665 1202 beu
688 1162 753 1203 mea
776 1146 865 1203 distat
890 1146 926 1203 ab
951 1146 1010 1203 oris

194 1241 297 1298 ltaliae
321 1247 350 1299 et
373 1242 502 1299 sinemo
525 1241 645 1312 pulchra
668 1240 799 1312 Lycinna
821 1246 927 1297 manet.

152 1334 243 1404 Quam
267 1338 375 1394 retinet
397 1337 513 1408 liquidis
536 1337 653 1408 piscosa
675 1335 779 1393 Silesia
802 1336 832 1392 in
855 1336 941 1403 arvis,

194 1430 291 1487 Odera
314 1431 448 1487 eaeruleo
473 1448 528 1502 qua
550 1430 615 1487 fluit
638 1448 721 1488 amne
745 1431 830 1498 eelor,

105 1543 135 1584 25
151 1525 214 1594 Qua
236 1525 320 1582 timet
342 1526 436 1582 insani
458 1526 572 1582 Boreae
595 1526 691 1582 vieina
713 1526 848 1596 procellis

193 1619 301 1676 Oceani
325 1620 396 1690 tingi
420 1619 573 1675 Parrhasis
596 1636 665 1675 ursa
688 1619 779 1676 vadis.

151 1712 283 1783 Vndique
307 1718 387 1769 terra
409 1713 483 1784 iugis
507 1730 712 1784 nemorumque
735 1713 921 1770 horrentibus
944 1713 1054 1770 umbris

192 1806 303 1863 Abdita
326 1812 355 1864 et
377 1807 498 1879 inriguis
521 1807 648 1878 undique
673 1807 752 1864 dives
778 1807 859 1879 aquis

150 1902 191 1958 Et
212 1902 292 1958 venis
316 1903 379 1959 auri
403 1902 483 1959 dives
507 1901 716 1974 obalybmnque
739 1902 872 1969 metallis,

106 2015 135 2056 30
194 1996 273 2066 Quae
297 1997 351 2054 diti
374 1998 404 2053 in
426 1998 536 2068 gremio
560 2003 640 2054 terra
661 1997 788 2069 benigna
810 1997 898 2054 fovet.

151 2090 174 2148 O
198 2108 326 2160 nemora,
351 2108 368 2148 0
390 2096 503 2148 montes
527 2096 613 2163 atque
638 2108 653 2148 o
677 2092 742 2148 loca
766 2093 881 2162 cognita
905 2091 999 2148 Musis
1076 2126 1081 2135 -

192 2186 296 2242 ltaliae
320 2186 396 2241 euris
420 2187 593 2257 consciaque
617 2187 805 2252 antrannis,

151 2280 186 2335 In
208 2280 267 2335 vita
290 2279 372 2336 vobis
395 2280 466 2336 mibi
488 2281 529 2336 nil
551 2281 704 2337 iucundius
727 2297 848 2352 usquein
871 2287 929 2337 est:

194 2374 253 2431 Vos
276 2375 391 2445 ingrata
414 2374 519 2431 absens
544 2376 606 2432 sola
627 2374 758 2447 Lycinna
779 2375 859 2444 feeit,

106 2486 134 2527 aa
151 2468 240 2537 Quae,
264 2469 334 2526 lieet
355 2470 422 2526 bine
444 2470 530 2542 longa
554 2471 642 2528 distet
666 2471 785 2542 regione
808 2471 920 2542 viaque,

192 2563 248 2620 Est
267 2564 363 2621 animo
385 2582 525 2636 praesens
549 2570 679 2622 attamen
701 2582 791 2636 usque
814 2581 888 2622 meo,

152 2657 175 2715 O
200 2659 341 2730 quotiens,
368 2659 435 2715 dum
458 2660 573 2717 sidereo
596 2661 646 2716 nix
668 2658 734 2716 fusa
757 2660 793 2716 ab
817 2659 940 2731 Olympo

190 2752 310 2810 Decidit
332 2760 361 2810 11
384 2758 497 2810 montes
521 2771 647 2825 arvaque
672 2754 748 2810 culta
771 2754 853 2824 tegit,

152 2846 353 2919 ι8111111111,
380 2848 448 2916 dixi,
475 2849 598 2904 ‘niveum
620 2846 806 2919 formosaque
829 2848 906 2904 vitae

106 2958 135 2999 41
195 2941 255 2998 011
276 2942 370 2999 nitent
393 2947 511 2998 nostrae
534 2942 745 3013 marmoreique
768 2940 878 3013 pedes’.

150 3037 176 3091 A
201 3037 333 3106 quotiens
357 3053 463 3094 aurora
485 3038 566 3094 nives
590 3037 656 3093 dum
680 3037 786 3093 lumine
810 3037 888 3094 claro

191 3130 332 3187 Inlustrat
355 3131 448 3188 roseis
472 3137 555 3188 vecta
578 3148 631 3203 per
653 3138 734 3188 astra
756 3131 844 3189 rotis:

150 3222 283 3281 ‘Lumina
306 3226 347 3283 sio
370 3230 488 3283 nostrae
511 3225 631 3298 fulgent,
655 3243 720 3283 moa
742 3225 867 3294 1111111111,
891 3224 1006 3296 puellae

191 3317 302 3391 Quique
325 3321 356 3377 in
378 3338 524 3392 purpureo
550 3327 594 3378 est
615 3321 755 3392 plurimus
779 3337 829 3377 ore
852 3318 951 3377 nitor.'

104 3429 132 3471 45
149 3410 242 3483 Saepe
266 3414 354 3470 etiam
377 3415 445 3472 dum
469 3415 605 3472 Phoebeo
629 3415 758 3472 resoluta
782 3415 878 3472 calore

191 3506 249 3562 Nix
271 3505 336 3564 fluit
358 3509 388 3564 in
410 3510 511 3566 latices
536 3510 660 3568 candida
684 3509 801 3580 abitque
823 3509 933 3580 nigros

147 3598 304 3671 Suspirans
327 3603 401 3659 dixi:
427 3603 526 3661 ‘Forte
550 3605 618 3661 olim
641 3604 734 3660 invisa
758 3608 892 3660 senectus
