2476 4050
132 171 172 228 42
436 189 467 234 11.
489 191 618 236 moeurs
638 191 799 236 00000000.

190 359 248 418 Hei
271 362 350 433 milri,
376 365 400 421 si
424 367 535 436 pendas
559 368 671 425 alienae
696 368 794 425 debita
818 368 919 440 cnlpae

132 471 175 513 alo
234 454 350 529 Simque
374 477 427 532 ego
452 478 541 518 causa
563 463 634 519 mihi
656 462 766 520 funeris
790 463 852 534 ipse
875 461 931 518 tui!

187 548 262 606 Nam
285 569 350 608 mea
372 570 424 611 cnr
446 557 553 613 totiens
577 563 725 614 mutantur
747 562 880 627 tempora
902 557 990 625 ritae,

232 643 291 702 Cur
313 664 457 720 uunquam
480 659 567 722 portu
590 656 649 709 stat
671 669 736 708 mea
759 652 863 723 cymba
886 667 948 720 suo,

190 737 248 796 Sed
271 741 349 798 velut
372 745 497 801 assiduis
520 747 650 818 agitatur
671 745 808 803 fluetibus
831 746 935 814 undae,

233 834 324 902 Quam
347 836 418 895 levis
441 839 508 897 ltine
532 841 644 898 Boreas
670 842 806 910 concitat,
830 841 898 897 inde
921 836 1042 896 Notus?

131 943 173 987 aaa
188 927 255 985 Non
278 931 384 989 tolerat
406 932 516 991 ferrum
538 936 642 993 nimios
666 953 758 1008 neque
782 952 852 992 saxa
875 934 1001 1003 labores,

233 1024 419 1097 Franguntur
440 1029 527 1102 longa
550 1030 658 1088 robora
681 1031 754 1087 dura
777 1047 867 1098 mora,

190 1117 251 1175 Nee
275 1123 364 1179 semel
387 1140 402 1180 e
425 1126 545 1196 propria
568 1127 592 1182 si
616 1143 671 1198 qua
695 1130 740 1182 est
761 1125 865 1182 tellure
888 1124 1013 1193 revulsa,

233 1215 332 1273 Arbor
354 1218 384 1273 in
405 1219 506 1290 ignota
528 1237 596 1277 mox
620 1220 760 1277 coalescit
781 1220 878 1276 humo.

189 1309 255 1367 Iure
278 1311 368 1381 igitur
391 1314 474 1385 capio
497 1331 621 1372 vesanae
644 1315 775 1386 praemia
797 1315 901 1371 mentis

132 1421 175 1463 ano
233 1404 273 1461 Et
295 1408 389 1477 pretio
413 1407 484 1466 facti
507 1408 643 1480 perfruor
664 1410 727 1480 ipse
750 1410 815 1477 mei,

191 1499 230 1555 nt
253 1517 329 1558 0000
351 1507 482 1560 materno
506 1504 609 1575 reliqui
633 1504 668 1561 de
692 1503 793 1560 funere
815 1503 878 1559 nati

233 1596 309 1653 Ante
334 1599 432 1656 oculos
456 1605 556 1656 errant
578 1605 637 1655 tres
661 1599 839 1669 totidemque
862 1613 951 1653 meos

193 1687 240 1746 Sic
263 1691 366 1763 aliquis
390 1693 498 1763 forsan,
524 1692 631 1751 dubiae
655 1694 707 1750 sed
731 1698 863 1763 tempora
885 1691 961 1747 vitae

235 1786 302 1842 Non
325 1792 392 1844 sunt
415 1795 519 1844 evento
543 1805 672 1860 quaeque
695 1787 825 1844 notanda
848 1803 910 1842 suo.

69 1940 74 1949 ,
134 1879 378 1939 aeoNecrrost1·a
402 1887 447 1939 est
469 1883 544 1951 ideo,
570 1884 594 1938 si
618 1899 674 1954 qua
697 1887 742 1938 est
765 1898 808 1950 ea,
834 1881 917 1952 culpa
939 1879 1091 1951 laborum,

236 1974 294 2031 Sed
316 1982 415 2034 versat
437 1980 533 2034 tantas
557 1977 689 2049 luppiter
710 1977 773 2047 ipse
795 1977 883 2043 vices,

193 2067 248 2138 Qui
271 2071 383 2141 pariter
403 2071 497 2129 iustos
520 2072 627 2128 involvi
651 2071 733 2128 clade
755 2072 898 2127 malorum

234 2165 330 2236 Atque
353 2167 409 2224 lroc
432 2168 480 2239 qui
503 2165 588 2224 factis
613 2182 811 2223 commeruere
835 2164 912 2220 sinit.

193 2260 319 2331 Impiger
341 2262 460 2318 Alcides
483 2278 587 2335 magno
610 2260 666 2318 fnit
689 2260 771 2318 exsul
793 2260 823 2316 in
847 2257 926 2326 orbe,

136 2371 178 2413 000
236 2354 303 2411 Non
325 2355 427 2412 habuit
449 2360 512 2412 toto
536 2361 616 2412 tecta
638 2356 764 2413 laremve
788 2353 859 2421 solo,

193 2450 233 2506 At
257 2454 352 2506 certas
375 2450 515 2518 Echetus,
540 2456 636 2507 certas
659 2466 772 2522 quoque
796 2448 936 2519 Sisyphus
960 2461 1046 2502 arces

237 2543 383 2614 Possedit,
406 2546 520 2616 patriae
544 2545 652 2602 crimen
675 2549 796 2616 uterque
820 2558 899 2599 snae.

195 2639 246 2696 Ille
270 2645 367 2696 tamen
389 2640 516 2696 moriens
539 2640 617 2697 inter
638 2638 694 2696 fuit¹
716 2644 797 2695 astra
820 2638 928 2693 relatus

237 2734 341 2806 Fulget
364 2740 394 2792 et
415 2735 545 2793 Arctoae
568 2735 648 2791 sidus
671 2735 701 2790 in
725 2749 792 2790 arce
815 2732 931 2803 plagae3

136 2847 179 2889 000
194 2830 250 2886 Ast
272 2829 302 2887 hi
325 2846 356 2887 00
380 2830 467 2902 digno
490 2830 641 2901 perierunt-
663 2827 729 2896 fino,
754 2831 889 2898 rotatque

236 2924 294 2982 Per
316 2924 432 2997 Stygias
456 2925 531 2982 altor
552 2941 628 2980 nune
651 2938 763 2995 quoque
788 2937 859 2977 saxa
882 2920 995 2976 domos

195 3019 290 3090 Quare
314 3020 461 3077 hominum
484 3019 612 3077 incertos
636 3017 753 3075 domino
776 3015 946 3087 permittere
971 3029 1058 3070 casus

236 3114 298 3171 Nos
322 3113 408 3172 decet
430 3119 460 3172 et
482 3114 580 3186 magni
603 3128 724 3170 noscere
751 3111 815 3166 lura
837 3109 906 3180 Dei3

196 3208 440 3280 Praesentennpue
463 3210 559 3266 animo
584 3213 693 3264 sortem
716 3205 842 3262 tolerare
865 3202 1010 3269 modesto,

138 3321 182 3362 0ῖο
240 3302 312 3360 (100
334 3304 447 3375 pan'ter
468 3303 562 3381 iustos
585 3302 657 3358 haer
681 3300 779 3357 trahat
803 3304 888 3369 atque
911 3296 1012 3354 malos

195 3398 238 3455 Tu
261 3415 383 3471 qrnnpro,
407 3415 493 3471 quarn
516 3397 581 3454 dnri
604 3396 702 3467 rapuit
723 3395 766 3451 ris
789 3392 922 3464 improba
945 3391 1005 3458 leti,

239 3492 327 3550 Cnins
351 3499 428 3550 stant
451 3491 524 3549 fusis
547 3491 671 3548 stamina
694 3494 779 3560 rupta
804 3488 872 3553 0010,

197 3588 258 3646 llas
281 3587 429 3645 lrorninum
453 3603 536 3644 curas
560 3592 646 3656 01000
670 3583 743 3641 haec
767 3581 889 3639 arbitrio
913 3580 991 3652 tulgi
