2476 4050
400 205 441 249 rx.
469 204 593 249 rnouas
616 205 828 251 uaoonoaovs.
1041 198 1100 254 113

128 400 156 441 oo
172 382 280 438 Rerum
304 386 334 439 et
357 382 515 452 scriptores
536 384 672 454 legesque
697 388 726 439 et
748 383 813 440 iura
835 388 950 454 vetusta

172 476 212 532 Et
235 475 374 547 quidquid
395 482 494 547 patres
518 477 586 533 olim
610 477 754 549 scripsere
779 477 893 534 colendi

173 569 215 643 (Si
240 575 379 643 superant
400 569 467 627 libri
490 570 598 647 modo),
623 588 696 644 quos
720 571 845 629 ecclesia
868 569 978 628 Christi

172 666 206 721 In
228 665 320 722 sacris
342 664 445 722 habuit
468 663 570 723 doctos
593 667 741 738 hucusque
766 667 893 723 colonos

172 759 253 829 Sunt,
278 760 325 831 qui
348 759 502 816 Graiorum
526 777 639 832 quoque
663 777 750 818 nosse
774 761 917 818 elementa
939 759 1075 817 laborent

128 874 155 914 55
172 856 215 911 Ac
238 853 413 911 ludaeorum
436 854 587 911 stridentis
611 855 697 912 sibila
722 856 847 927 linguae,

171 949 256 1018 Quod
278 965 362 1006 sacra
384 948 520 1005 nimirum
542 949 601 1005 sint
622 948 720 1006 Biblia
743 950 852 1020 scripta
875 947 987 1006 duabus

172 1044 262 1116 Inque
286 1044 380 1100 crucis
403 1043 488 1100 titulo
501 1044 623 1115 pariter
646 1045 684 1100 sit
705 1043 782 1101 lecta
804 1043 919 1100 Latina.

171 1137 306 1195 infinitae
330 1154 437 1209 operae
458 1138 506 1196 via
528 1138 741 1210 multorumque
765 1138 890 1195 dierum!

170 1234 261 1290 lmmo
284 1249 338 1289 nec
360 1249 474 1290 menses
498 1233 607 1305 aliquot
629 1250 685 1312 nec
708 1231 816 1290 suflicit
839 1249 939 1289 annus.

128 1347 156 1387 oo
170 1318 228 1384 'Vix
252 1328 308 1384 tria
329 1328 422 1383 lustra
446 1328 534 1384 citum
557 1344 691 1400 supremo
716 1328 746 1383 in
768 1327 877 1384 vertice
901 1326 1016 1383 sistunt.

171 1421 246 1490 Quid
269 1426 399 1494 sumptus
422 1439 580 1480 memorem
603 1423 766 1480 studiorum
789 1421 914 1494 quidque
936 1420 1078 1479 librorum
1181 1436 1183 1440 ⁴

170 1517 345 1573 Immensum
366 1514 512 1587 pretium?
536 1516 617 1585 Sunt,
643 1517 693 1588 qui
715 1516 892 1589 patrimonia
915 1520 979 1573 tota

172 1610 291 1667 Talibus
314 1610 492 1681 impendant,
516 1615 549 1666 ut
570 1611 690 1666 tandem
713 1614 800 1668 vexet
823 1615 938 1681 egestas

174 1706 378 1777 Coganturque
402 1709 514 1776 emptos
536 1721 630 1776 nuper
652 1705 809 1762 divendere
832 1703 932 1761 libros.

129 1819 156 1859 oe
173 1800 236 1856 Hac
259 1804 288 1856 te
311 1816 370 1856 non
392 1799 496 1856 ducam
518 1815 580 1869 nec,
605 1804 744 1871 quantum
766 1798 913 1870 intellego,
937 1798 1005 1855 duci

172 1895 238 1966 lpse
263 1894 356 1966 cupis3
382 1898 515 1965 superest
537 1893 629 1951 levior
651 1894 834 1966 protritaque
857 1891 966 1950 multis.

170 1989 328 2062 Egregium
350 1988 511 2046 inventum!
536 1988 612 2058 Quid
635 1988 711 2046 enim
734 1992 779 2045 tot
801 1988 884 2045 adire
906 1985 1022 2044 labores
1054 1973 1056 1976 ’

171 2084 372 2154 Temporaque
396 2088 425 2140 et
448 2086 579 2153 sumptus
602 2087 701 2139 tantos
725 2082 841 2138 trivisse
868 2097 996 2150 necesse,

173 2177 244 2233 Cum
267 2177 325 2233 cito
348 2177 393 2233 vel
416 2192 519 2248 segnes
541 2176 614 2233 haec
636 2193 690 2247 per
712 2175 885 2246 compendia
907 2176 1021 2247 possint

129 2290 156 2330 vo
171 2271 211 2328 Et
234 2275 349 2342 sumptu
371 2286 461 2343 parvo
485 2271 523 2328 ad
545 2287 686 2327 summum
710 2270 837 2328 evasisse
861 2267 1017 2327 cacumen?

171 2364 306 2437 Largitor
329 2370 464 2423 errarunt
485 2364 527 2421 illi
549 2365 713 2437 multosque
736 2365 767 2421 in
789 2364 912 2422 eundem

172 2460 276 2517 Secum
298 2464 451 2518 traxerunt
475 2476 615 2529 errorem,
639 2477 685 2517 me
709 2476 823 2532 quoque
846 2459 974 2516 stultum.

171 2556 257 2613 Haud
279 2555 402 2613 meliora
424 2555 531 2613 etenim
553 2560 687 2626 poteram
711 2554 827 2611 novisse
849 2553 971 2626 puellus,

171 2650 251 2719 Quae
276 2650 415 2706 curtisani
437 2650 562 2720 primum
584 2650 721 2706 invenere
745 2664 874 2720 sagaces

129 2763 156 2803 75
172 2744 288 2815 Pulpita
311 2745 359 2815 qui
382 2743 525 2800 scandunt
548 2744 665 2800 deserto
688 2759 782 2814 nuper
805 2742 904 2814 equili;

170 2838 254 2894 Nunc
277 2837 479 2909 anabaptistae
502 2842 647 2894 renovant
668 2837 809 2909 multique
832 2841 999 2908 sequuntur.

170 2932 323 3005 Exponam
345 2931 492 3001 brevibus
516 2932 640 2989 memori
662 2936 694 2988 tu
718 2930 806 2988 corde
829 2934 938 2988 teneto.

170 3027 210 3083 To
234 3044 302 3085 reor
324 3044 342 3084 a
363 3043 455 3098 puero
477 3031 627 3084 maternae
650 3025 794 3083 idiomata
816 3025 932 3096 linguae

171 3121 368 3179 Perdidicisse
391 3121 471 3190 satis,
497 3120 680 3193 superhaec
703 3125 734 3177 et
757 3119 886 3177 scribere
908 3118 1031 3177 eandem

127 3234 155 3275 eo
170 3216 208 3272 Et
232 3217 338 3288 legere,
363 3216 442 3273 haud
465 3216 539 3273 adeo
562 3215 660 3286 magni
684 3214 757 3272 haec
780 3213 918 3271 didicisse
941 3213 1050 3285 negoti.

170 3309 254 3366 Hanc
275 3311 402 3382 linguam
425 3327 529 3367 exerce
552 3313 722 3381 tantumque
745 3308 800 3366 hac
823 3314 886 3366 esto
910 3309 1051 3366 disertus:

170 3403 267 3461 Verba
289 3410 368 3461 rotes
392 3403 515 3476 quadam
538 3404 627 3461 veluti
652 3407 787 3461 contorta
808 3403 945 3474 procella.

168 3498 235 3554 Non
256 3502 286 3555 te
309 3497 467 3556 sollicitent
489 3498 564 3555 aliae
587 3514 641 3554 nec
665 3498 736 3554 trita
758 3496 874 3566 Latina,

171 3592 238 3649 Non
260 3593 367 3649 etenim
389 3592 488 3664 populi
509 3592 665 3664 peregrina
687 3608 759 3649 voce
783 3590 916 3660 docendi,

167 3707 207 3738 Lot.
221 3705 405 3740 Litteraturdenlrm.
422 3704 438 3738 7.
938 3704 964 3753 Q

1132 3701 1187 3820 ¹

1112 3896 1117 3903 a
