2476 4050
487 210 529 254 lx.
557 209 698 255 EOBANVS
720 209 845 255 HESSVS.

263 386 382 443 Alcides
406 388 502 444 animo
525 405 584 444 non
608 387 760 444 dubitante
783 388 859 455 tulit,

222 479 301 537 Sicut
326 480 369 554 (nt
393 499 410 538 a
432 483 509 538 ueris
532 483 635 553 procul
658 482 735 539 absit
757 481 868 555 fabula)
893 480 1043 538 Christum

264 574 404 632 Adseruit
428 575 516 633 rebus
540 576 626 634 turha
650 582 750 634 secuta
774 593 898 633 crueern.

221 669 297 725 Nam
320 671 388 741 quid
411 676 476 727 erat.
498 671 594 728 verbis
617 673 696 728 velut
720 672 780 728 otia
804 687 878 727 rana
901 676 1028 738 secutos

177 781 207 822 50
265 765 331 821 Non
354 766 479 837 aliquam
502 766 589 823 rebus
614 767 801 824 constituisse
825 762 933 822 fidem?

149 918 158 943 Ι
223 857 269 914 Sir
293 860 388 915 aninn)
413 861 470 915 ruit
495 861 603 917 invicto
629 861 773 918 Lutlrerus
797 861 826 916 in
850 876 950 917 ornnes

264 953 411 1010 Fortunae
436 955 558 1012 insultus
582 956 766 1027 invidiaeque
790 956 882 1011 ruinas

223 1045 327 1104 Certus
351 1050 380 1105 in
403 1049 459 1106 hoe
487 1051 584 1118 etiarn,
614 1068 698 1122 quein
725 1050 885 1121 praedicat,
915 1048 1012 1106 omnia
1037 1045 1155 1103 Christo

264 1142 397 1212 lineare,
422 1145 467 1201 vel
490 1145 597 1202 mundo
621 1146 678 1202 sint
702 1145 838 1216 graviora
860 1143 937 1200 lieet.

181 1256 210 1297 35
226 1238 281 1294 Hie
304 1239 383 1307 nihi,
407 1257 460 1296 nee
485 1257 586 1297 vecors
610 1239 711 1296 rabula
736 1245 785 1296 aut
808 1239 926 1295 indocte
950 1235 1098 1302 sacerdos,

268 1333 399 1405 Oggauui
423 1335 572 1391 haeretico
596 1335 726 1405 polluere
751 1350 800 1390 ore
824 1332 921 1389 fidem.

224 1427 349 1498 Tempus
374 1429 439 1496 erit,
464 1446 519 1500 quo
544 1434 572 1484 te
596 1446 649 1484 nos
673 1429 847 1500 accipiemus
872 1431 1007 1483 ovantem

266 1522 300 1577 Iu
324 1528 411 1593 eaput
434 1530 570 1595 urgentes
594 1524 691 1580 omnia
715 1523 779 1579 dira
802 1530 891 1578 tuuru.

222 1617 306 1674 Nune
329 1618 370 1674 illi
394 1619 490 1675 deeuit
513 1619 641 1676 venienti
664 1617 849 1689 applaudere,
874 1632 1032 1688 perquem

182 1730 211 1771 ao
267 1712 425 1771 Lueidiore
448 1714 541 1770 lluunt
564 1715 682 1770 Rhenus
706 1718 735 1770 et
759 1712 842 1769 Albis
866 1728 948 1782 aqua,

225 1806 277 1864 Oui
301 1809 369 1865 lieet
393 1810 513 1877 eximius
536 1809 663 1865 renienti
686 1807 778 1864 fleetit
802 1807 908 1863 Hieras

268 1902 384 1960 Cornua
409 1920 465 1960 non
487 1904 606 1974 proprio
631 1902 751 1958 sordida
774 1902 852 1958 lasela
875 1900 945 1957 luto.

224 1996 275 2054 Ille
300 1997 402 2054 hreves
425 1997 513 2069 longa
535 1998 647 2054 relatus
672 1996 833 2054 harundine
858 1996 962 2060 crines

270 2091 405 2149 Creditus
430 2098 474 2149 est
498 2097 577 2150 certe
601 2093 642 2149 sie
666 2092 790 2150 voluisse
814 2091 906 2162 loqui:

182 2203 210 2244 45
227 2187 477 2259 ‘thaandoquidern
501 2192 617 2245 cessant
639 2187 780 2244 hurnanae
804 2187 833 2241 in
857 2185 985 2241 eariniua
1007 2184 1123 2254 linguae

268 2281 306 2336 Et
330 2283 463 2353 stupidae
488 2300 573 2339 trices
598 2299 741 2353 raueatpu.»
765 2280 854 2338 rerba
877 2280 982 2346 iacent,

225 2374 284 2432 Cur
305 2376 393 2432 fuerit
417 2377 529 2442 mirum,
555 2378 579 2432 si
603 2383 682 2433 rnuta
706 2378 848 2433 elementa
872 2376 1034 2445 loquantur,

268 2470 366 2539 Prata,
391 2471 480 2538 lacus,
505 2477 627 2537 unniteS,
651 2470 779 2539 flnruina‚
804 2487 883 2537 saxa,
908 2469 997 2536 ferae,

226 2564 386 2636 Praecipue
411 2572 566 2637 superante
589 2583 682 2623 ativae
706 2565 862 2637 praeconia
885 2563 979 2620 laudis

183 2677 212 2719 50
270 2660 406 2729 Materia,
432 2678 504 2732 quae
528 2662 567 2716 sit
589 2662 636 2717 rix
659 2660 795 2718 hahitura
818 2656 938 2731 parern‘?

230 2755 284 2823 Qui
307 2756 417 2826 prinrus
441 2756 548 2813 Christi
572 2773 697 2828 purgare
722 2772 875 2827 aggressus
900 2753 975 2810 orile

271 2849 409 2907 Pastores
435 2852 530 2908 ovium
553 2851 684 2923 prodidit
708 2867 771 2906 esse
795 2850 888 2921 lupos,

228 2943 324 3000 Ausus
349 2950 376 3001 et
401 2962 417 3002 a
442 2947 559 3002 suminis
585 2947 727 3003 rationem
751 2960 880 3015 poscere,
905 2942 983 2998 furta

270 3038 356 3109 Spern
380 3040 446 3096 tulit
469 3040 583 3097 illorurn
606 3057 692 3112 posse
716 3039 807 3096 latere
831 3039 895 3107 diu3

183 3133 279 3194 551110
302 3133 352 3189 uhi
376 3133 413 3189 ad
436 3134 510 3190 hane
533 3136 621 3205 uenit,
645 3152 729 3206 quarn
754 3138 872 3205 praetor
891 3132 1023 3200 lahirnnr,
1049 3129 1159 3195 urbem,

269 3228 327 3284 Fas
352 3234 414 3284 erat
438 3228 485 3285 hie
508 3229 633 3300 aliquant
657 3229 832 3285 cornieuisse
857 3228 989 3299 ehelynr‘?

228 3323 293 3379 Non
318 3322 414 3379 (lecerit
439 3323 530 3380 festos
554 3325 583 3379 in
607 3323 722 3395 publiea
745 3322 852 3394 guardia
877 3324 969 3379 nultus

263 3418 389 3475 ·Sunrere
414 3424 442 3474 ot
466 3424 568 3474 aerata
592 3417 722 3489 cpnhala
746 3416 823 3473 fuste
848 3415 949 3489 pati?

229 3514 294 3585 lpse
319 3530 381 3581 egli,
406 3519 437 3568 ut
462 3513 512 3569 has
537 3513 614 3583 ripas
631 3513 735 3579 tenuit,
761 3513 943 3584 tranquillior
965 3511 1051 3569 iluun.

184 3628 212 3669 oo
271 3609 435 3680 Nostraque
459 3608 522 3679 plus
546 3607 632 3665 solito
656 3608 757 3679 purior
780 3608 858 3664 unda
880 3606 944 3675 fuit,
