2476 4050
385 214 426 259 lx.
454 210 596 258 EVRIGIVS
618 205 745 261 CORDVS.

74 413 106 455 aa
122 393 248 452 Advolat
272 397 301 448 et
326 391 405 448 clare
428 390 587 462 fugientem
609 406 685 462 pone
708 383 833 449 latratu
919 425 920 431 κ
951 384 953 388 ’

121 489 295 560 Insequitur,
321 486 414 543 denec
437 485 593 557 repetitum
618 491 703 558 cogat
725 486 755 542 in
777 504 890 559 agmen.

459 620 664 693 Polyphemus.

120 730 205 788 Nunc
227 727 305 795 audi,
329 725 437 781 iustum
460 725 521 781 scio
545 729 574 780 te
597 742 656 782 non
679 725 776 783 dicere
799 724 917 796 factum,

121 824 216 882 Multa
238 821 308 878 licet
330 818 414 877 festis
438 835 529 890 opera
552 835 690 877 exercere
715 811 827 890 diebus,

122 921 201 989 Quae
226 915 342 974 differre
366 918 460 983 nocet,
486 930 540 970 nec
562 912 607 971 fas
630 931 684 971 nec
708 915 771 972 iura
794 916 944 988 resistunt,

71 1035 103 1078 30
118 1015 157 1071 Vt
179 1010 328 1070 madidum
352 1008 440 1065 dubio
463 1006 580 1066 faenum
603 1025 775 1081 suspergere
800 1009 863 1080 soli,

120 1111 281 1180 Aegrotum
306 1121 408 1161 curare
431 1120 530 1174 pecus,
554 1104 665 1161 siccare
688 1106 816 1176 novales,
876 1151 878 1154 Α

121 1202 265 1261 Claudere
288 1198 439 1271 migrantis
462 1195 614 1269 fugitivam
637 1198 778 1276 examinis
801 1217 886 1258 uvam

119 1298 160 1356 Et
182 1295 316 1353 veniente
339 1297 423 1351 aestu
445 1309 581 1364 rumpens
604 1309 705 1350 arcere
728 1292 876 1364 fluentum

121 1393 225 1464 Sicque
248 1389 295 1447 vel
317 1388 355 1445 ad
372 1385 511 1444 'sanctum
535 1393 630 1445 crates
655 1392 846 1460 transponere
869 1392 989 1462 pascha,

75 1508 106 1549 35
122 1487 153 1545 Si
175 1485 263 1543 modo
287 1488 333 1541 sat
355 1483 477 1555 pingues
499 1487 620 1554 putrent
641 1484 749 1555 uligine
772 1484 884 1556 glebae.

121 1580 205 1652 Quod
228 1586 327 1636 tamen
349 1577 405 1634 hcc
429 1561 515 1633 sacru
536 1577 650 1634 Mariae
674 1577 727 1633 sub
751 1595 871 1650 vespere
894 1578 951 1638 feci

120 1677 293 1747 Exigucque
316 1688 397 1730 meos
420 1688 545 1744 perones
569 1672 695 1743 unguine
718 1672 782 1741 levi,

120 1772 188 1829 Nun
210 1769 296 1827 aliter
318 1784 403 1840 quarn
427 1766 451 1823 si
475 1767 557 1823 dives
582 1765 767 1839 Erebumque
790 1784 952 1840 negassem,

121 1867 169 1924 Ad
191 1864 258 1922 lora
280 1863 442 1920 resciscens
465 1878 558 1933 nuper
580 1879 625 1919 me
648 1862 729 1936 Nasp
754 1863 863 1934 citavit,

74 1982 106 2024 40
121 1962 201 2018 Naso
225 1957 411 2017 sacerdotum
434 1956 636 2028 nequissimus,
661 1974 734 2024 unus
758 1963 906 2031 agrestum

122 2057 187 2114 Hoc
209 2055 240 2111 in
261 2069 328 2109 rure
352 2057 455 2119 metus,
479 2051 519 2106 nil
543 2067 647 2108 curans
669 2053 788 2110 numina
811 2053 908 2124 iudex,

122 2150 163 2208 Et
183 2149 240 2205 nisi
264 2147 388 2220 quinque
412 2145 511 2202 darem
533 2146 625 2216 galles
650 2151 679 2202 et
702 2151 840 2218 quattuor
862 2165 962 2220 agnos

122 2244 171 2302 Me
195 2242 286 2300 veluit
309 2240 392 2297 vetiti
414 2239 570 2311 prohibere
593 2256 611 2297 a
632 2240 730 2298 limine
754 2240 862 2314 templi.

121 2338 170 2396 Nil
192 2355 238 2394 me
260 2334 332 2393 flere
355 2351 460 2404 meum,
483 2351 548 2391 mea
570 2334 611 2390 nil
634 2336 814 2407 querimonia
836 2337 919 2407 iuvit,

74 2453 107 2494 45
123 2433 199 2504 Quin
222 2431 310 2488 hodie
333 2429 408 2487 hanc
431 2429 557 2486 monitus
581 2429 709 2502 cogebar
731 2431 844 2489 solvere
866 2433 996 2491 multam.

122 2527 206 2598 Quod
228 2526 303 2583 male
327 2523 504 2594 divertant,
528 2528 561 2581 ut
582 2525 693 2596 primae
717 2542 830 2584 morsus
854 2525 958 2585 ofellae

122 2623 204 2681 Mors
228 2621 267 2680 sit
291 2625 321 2678 et
343 2619 475 2677 occlusas
499 2618 622 2676 suffocet
644 2619 754 2696 buccea
776 2606 885 2680 fauces.

506 2755 629 2828 Sylvius.

121 2862 198 2933 Quid
220 2863 300 2919 iuvat
323 2861 380 2918 iste
402 2859 493 2928 furor,
518 2859 587 2932 quid
609 2864 692 2917 tantu
716 2861 884 2919 accenderis
908 2861 1012 2921 aestu?

119 2955 238 3015 Talibus
262 2955 339 3014 adde
362 2954 479 3012 mcdmn
502 2951 631 3029 (pariunt
652 2953 849 3035 incommoda)
872 2958 979 3029 verbis,

75 3070 107 3113 ec
122 3051 167 3110 Ne
190 3052 318 3110 tacuisse
342 3051 427 3108 velis:
451 3067 509 3106 nen
533 3053 578 3106 est
595 3049 766 3131 ¹revocabile
790 3052 908 3110 dictum.

463 3177 668 3251 Polyphemus,

121 3284 201 3353 Quae
225 3284 330 3355 loquor
352 3283 409 3352 liic,
432 3281 492 3340 fido
517 3282 572 3339 soli
595 3282 649 3339 tibi
673 3284 761 3342 crede
785 3285 889 3344 sodali.

505 3410 628 3484 Sylvius.

120 3513 195 3572 Esse
218 3515 295 3572 scias
318 3531 454 3587 magnum
477 3514 568 3572 sacris
592 3515 765 3575 maledicere
790 3518 907 3588 crimen,

119 3607 213 3679 Quale
237 3609 425 3668 sacerdotum
448 3625 539 3681 genus
563 3611 736 3679 estalenta
759 3612 879 3670 deorum

875 3727 911 3778 Tit

1067 3730 1233 3798 ,ἡ
