2476 4050
362 255 365 259 ·
398 236 437 279 nr.
467 234 590 281 anonas
613 234 826 283 1111111111.
1041 226 1101 283 115

129 428 170 468 120
187 409 309 479 Quando
332 417 450 482 potares
475 409 602 471 etenim?
626 412 748 482 Quando
772 413 836 470 alea
859 413 937 470 iactu

185 504 317 563 Infansto
341 512 392 563 aut
414 512 513 570 cartae
536 511 702 564 tererentur
725 507 849 579 denique
871 505 990 579 pictae?
1068 518 1070 522 '

185 598 308 669 Quando
332 601 439 658 circum
463 617 549 676 agros
571 602 630 659 ires
654 607 684 659 et
705 603 822 659 moenia
843 601 930 674 longa

183 694 375 767 Fabellasque
399 696 458 752 alto
481 696 623 753 recitares
648 697 750 768 cuique
774 696 925 766 cachinno

188 787 217 845 Si
241 794 286 845 tot
308 789 441 847 volvendi
464 789 532 849 llbri
555 798 713 862 noctesque
737 787 876 863 diesque?
914 834 916 838 Α

108 882 283 952 λ1111111111,
307 884 349 941 uti
374 885 443 952 dini,
467 886 568 956 paucis
591 884 745 958 linguaque
767 885 906 956 paterna!

185 978 249 1036 Hoc
272 980 345 1036 satis
369 985 427 1052 est3
450 980 562 1058 poteris
585 980 700 1052 linguae
724 980 841 1051 vulgata
862 978 986 1037 Latinae

183 1072 311 1130 Nomina
333 1073 486 1147 conloquio
509 1075 597 1131 vicini
620 1091 740 1146 carpere
765 1074 850 1131 dictis

185 1166 296 1239 illaque
320 1167 489 1229 Teutonicis
512 1169 616 1226 crebro
640 1171 857 1240 interspargere
881 1168 976 1238 dictis,

186 1261 249 1330 Quo
272 1263 384 1333 pariter
405 1264 500 1335 possis
525 1264 587 1321 eius
611 1281 724 1337 quoque
748 1279 854 1335 gnarus
877 1262 989 1323 haberi.

131 1374 174 1415 130
190 1356 302 1429 Quippe
326 1357 414 1419 etiam
436 1358 561 1416 mendax
584 1357 719 1416 fortassis
743 1358 841 1429 opinio
865 1357 990 1414 fructum

187 1450 312 1508 Adteret
335 1457 365 1509 et
387 1469 471 1511 sacra
495 1452 613 1524 dignum
635 1459 664 1511 te
689 1453 758 1510 sede
781 1454 924 1524 loquetur.

187 1545 343 1604 Confidens
367 1552 430 1605 1111
455 1547 551 1604 verbis
575 1549 725 1619 spiresque
747 1545 903 1619 superbum

186 1640 230 1697 De
253 1639 385 1712 facieque
409 1657 523 1698 ornnem
544 1642 661 1713 penitus
685 1640 805 1712 deterge
827 1641 978 1712 pudorem,

185 1735 231 1792 Ne
254 1739 353 1796 taceas
377 1752 502 1808 unquam
525 1742 576 1794 aut
597 1737 694 1794 medio
718 1751 851 1792 sermone
875 1735 1004 1792 resistas.

131 1847 172 1888 111
189 1829 336 1900 Perpetuo
360 1830 415 1899 dic,
441 1837 473 1887 ut
496 1832 614 1889 verbum
639 1831 800 1888 concedere
823 1829 912 1886 verbo

187 1924 243 1982 Vix
265 1925 368 1996 possit,
392 1943 489 1983 rerum
512 1931 542 1983 et
564 1925 720 1984 verborum
742 1925 828 1996 copia
850 1927 972 1996 spumet.

186 2020 248 2077 Nec
270 2021 368 2092 magni
391 2025 436 2078 est
458 2020 537 2078 istud
561 2022 650 2078 cuivis
673 2019 779 2078 fecisse
802 2018 921 2077 laboris.

186 2113 291 2171 Nonne
314 2114 405 2183 vides,
430 2115 542 2186 agitata
565 2119 597 2171 ut
621 2115 746 2171 calculus
770 2113 845 2171 alter
866 2114 896 2170 in
919 2128 988 2170 arca

187 2207 257 2264 Plus
282 2209 406 2280 crepitet
429 2225 513 2280 quam
536 2214 582 2266 ter
605 2214 720 2266 centum
745 2208 791 2265 vel
812 2207 890 2264 mille
913 2203 1024 2279 lapilli?

129 2320 171 2362 140
187 2302 273 2371 Quod
295 2303 350 2360 tibi
373 2303 507 2361 doctrina
530 2303 621 2373 deest,
645 2303 676 2361 id
700 2303 835 2375 supplere
857 2300 959 2359 licebit

190 2396 307 2457 Audaci
329 2397 410 2455 vultu
433 2403 520 2471 atque
533 2399 639 2456 animo
662 2396 815 2470 verbisque
839 2397 953 2454 rotatis.

188 2492 319 2550 Adiuvat
340 2497 370 2550 et
393 2492 503 2551 clamor
524 2494 654 2563 multum,
679 2499 712 2550 ut
734 2492 852 2550 videare
876 2491 1004 2548 disertus

186 2587 226 2644 Et
248 2588 362 2645 nescire
384 2588 456 2644 nihil
478 2589 632 2661 multisque
657 2588 799 2645 excedere
823 2586 927 2644 doctis.

188 2681 264 2750 Quin
287 2682 465 2739 diverticulis
490 2683 579 2739 etiam
603 2697 760 2738 consuesce
783 2680 904 2752 paratis,

129 2795 171 2834 111
188 2775 218 2832 Si
242 2776 357 2847 quando
380 2775 452 2832 nihil
476 2782 520 2832 est
543 2775 621 2847 quod
644 2775 725 2832 dicas
748 2773 880 2847 amplius,
905 2773 963 2829 uti:

187 2869 232 2926 De
254 2870 373 2939 morbis
397 2875 477 2943 puta,
503 2870 549 2926 dic
571 2868 711 2943 bellisque
736 2875 765 2927 11
787 2867 929 2926 fructibus
953 2868 1016 2925 arvi

186 2965 367 3037 Annonaque
391 2965 472 3037 gravi
493 2964 655 3038 pluviisque
679 2969 709 3021 et
730 2964 881 3036 grandine,
905 2962 1012 3035 famam

188 3059 401 3133 Quamcumque
425 3059 542 3129 audisti,
566 3075 655 3116 narra
677 3060 823 3132 mirasque
846 3074 986 3115 novarum

186 3154 334 3212 Historias
358 3171 454 3212 rerum
477 3170 611 3211 necnon
633 3153 823 3226 prognostica
846 3151 945 3210 densa.

130 3266 172 3308 111
187 3249 228 3305 Ε1
252 3250 297 3306 111
320 3250 423 3307 deesse
446 3255 535 3322 queat
557 3249 602 3306 vel
624 3248 712 3321 longa
735 3248 831 3306 oratio
854 3242 956 3304 laeso?

187 3343 273 3401 Tales
296 3349 393 3402 mente
416 3345 496 3401 locos
519 3345 614 3402 retine
637 3359 785 3417 nugasque
807 3342 934 3415 popello,

186 3437 216 3495 Si
240 3438 356 3510 quando
379 3438 410 3495 in
432 3439 523 3496 saeris
545 3438 660 3508 haereo,
684 3454 806 3496 narrare
827 3440 984 3494 memento.

187 3531 326 3590 Proderit
346 3532 404 3590 hoc
427 3533 524 3602 etiam,
548 3549 584 3590 ne
607 3531 703 3590 infans
726 3536 879 3603 mutusque
902 3529 1024 3601 puteris,

186 3627 244 3685 Sed
266 3627 355 3700 longe
377 3627 495 3700 ingenio
517 3631 669 3700 praestare
693 3643 727 3684 ac
751 3626 848 3685 omnia
871 3639 958 3681 nosse
1064 3627 1101 3679 h*

933 3735 970 3785 Q*—
