2476 4050
144 177 184 235 64
273 186 301 234 v.
326 189 416 234 rarus
439 188 600 239 oonvrnvs.
646 192 784 238 uraniae
808 195 992 244 alanorum.

185 369 265 439 Quae
288 367 357 439 vigil
380 367 522 424 obscurae
546 384 646 425 servas
670 369 796 428 confinia
818 373 914 430 noctis

225 461 436 534 Luciferosque
459 478 545 519 vocas
568 465 688 534 praevia
711 463 786 522 Solis
811 483 910 538 equos

153 560 264 630 5Quae
287 557 401 629 spargis
424 556 540 628 tepidos
564 557 676 615 sitienti
699 576 766 617 rure
789 561 926 633 liquores,

225 653 308 711 Vnde
332 668 422 708 novas
445 651 521 708 vires
545 651 637 708 berba
659 651 770 710 refecta
794 656 881 726 capit.

182 751 226 810 Sit
249 748 302 805 tibi
325 746 500 818 praecipuus
523 750 606 802 vasto
629 746 699 804 licet
721 765 790 810 usus
814 750 844 805 in
867 750 949 820 orbe,

225 843 387 914 Officioque
410 845 460 897 tuo
485 841 638 898 commoda
661 842 751 899 multa
773 843 860 913 feras,

181 939 321 999 Omnibus
343 934 466 993 inferior
488 940 586 992 tamen
609 952 649 1004 eo,
674 953 744 1008 quas
768 954 874 996 aurens
898 941 1010 1000 aether

138 1059 165 1100 10
223 1037 368 1093 Immensa
391 1029 463 1087 caeli
487 1031 611 1087 sustinet
634 1047 700 1088 arce
725 1032 803 1089 deas.

178 1131 264 1189 Nulla
287 1128 341 1184 tibi
364 1129 486 1196 surgunt
507 1141 629 1197 usquam
652 1126 782 1195 delubra,
806 1144 860 1185 nec
883 1129 943 1186 aris

222 1221 392 1282 Procumbit
414 1225 499 1292 grata
521 1220 639 1277 victima
662 1237 748 1278 caesa
771 1238 866 1279 manu.

179 1323 219 1378 At
242 1319 309 1390 quia
331 1331 437 1386 magna
459 1314 512 1371 tibi
536 1331 600 1371 cum
622 1314 737 1372 blandis
760 1318 855 1388 gratia
878 1317 985 1388 Musis,

222 1413 373 1470 Musarum
397 1410 491 1466 cultor
513 1426 589 1465 nunc
611 1410 665 1467 tibi
689 1410 766 1467 dona
788 1410 890 1476 feram.

136 1529 163 1570 15
178 1509 240 1566 Has
263 1510 417 1578 postquam
439 1503 523 1560 nobis
547 1504 669 1561 humiles
694 1506 837 1563 ereximus
861 1507 960 1577 aedes,

221 1602 301 1672 Quae
325 1602 459 1670 spectant
480 1598 576 1655 vultus
599 1599 663 1656 lnce
687 1600 799 1657 oriente
823 1606 897 1667 tuoe,

177 1699 234 1754 Hic
257 1712 311 1767 ego
334 1710 552 1766 purpureusque
576 1710 658 1750 rosas
682 1699 711 1751 et
733 1695 794 1752 lilia
818 1712 891 1753 cana

219 1791 328 1862 Sparsa
351 1794 401 1845 tuo
425 1804 540 1858 semper
562 1790 682 1845 munera
705 1806 771 1847 rora
796 1790 886 1862 dab03

175 1887 299 1944 Hieme
322 1883 372 1941 Sol
395 1882 491 1939 oriens
514 1882 561 1938 bic
585 1883 779 1956 occiduusque
802 1884 923 1955 videbit,

133 2001 163 2042 ‘20
220 1981 302 2037 Haec
325 1981 443 2035 maneat
466 1976 570 2034 studiis
594 1977 660 2034 aula
684 1979 810 2050 superba
832 1981 914 2037 meis.

175 2075 256 2147 Ergo
280 2073 330 2130 ubi
352 2072 508 2144 pervigiles
531 2072 670 2143 producis
693 2090 777 2131 mane
801 2075 922 2146 iugales,

218 2170 318 2226 Insere
343 2167 396 2225 sub
418 2184 539 2239 parvam
562 2166 670 2224 lumina
692 2174 778 2240 grata
801 2169 932 2226 domum!

174 2262 255 2321 Tunc
276 2264 361 2335 vigor
382 2263 491 2334 ingenii
514 2262 616 2319 morbo
641 2262 762 2320 cedente
785 2263 903 2334 redibit,

217 2357 302 2427 Quod
324 2357 421 2428 rapuit
444 2355 535 2413 febris
558 2362 627 2414 tunc
650 2373 725 2415 nova
749 2374 819 2415 cura
842 2357 932 2416 dabit.

129 2471 159 2513 aa
176 2451 248 2509 Orta
269 2451 333 2508 luce
357 2451 400 2507 tui
423 2467 538 2522 semper
558 2457 736 2509 renoventur
758 2453 893 2522 bonores,

216 2545 256 2602 Vt
278 2562 401 2603 renovas
424 2546 517 2603 laetos
541 2550 581 2616 tu,
606 2547 662 2604 dea
683 2548 813 2618 pulchra,
838 2547 910 2606 dies.

514 2769 718 2776 ψ..-

401 2940 584 2998 MICHAEL
607 2939 835 2999 HASLOBIVS.

325 3085 374 3144 De
398 3087 553 3144 adventu
576 3088 671 3144 veris
695 3087 737 3145 ad
760 3087 912 3146 sodales.

391 3214 507 3272 Cadunt
529 3216 610 3273 nives
634 3221 663 3274 et
685 3217 780 3274 imber

391 3310 523 3380 Recedit,
548 3316 579 3368 at
602 3310 654 3367 sub
678 3311 778 3368 orbem

389 3405 478 3462 Redit
501 3422 620 3463 serenus
644 3412 703 3483 aer,v

388 3499 541 3572 Teporque
563 3500 670 3558 mulcet
694 3517 780 3573 agros
1059 3518 1063 3523 ·

389 3594 513 3666 Rigante
536 3594 617 3653 fonte
642 3597 743 3654 siccos.
977 3512 1134 3807 a
