2476 4050
407 192 425 235 1.
453 191 606 236 00000100
629 188 770 236 arcanas,
828 160 838 173 ’

679 336 695 365 0

392 451 587 509 GEORGIVS
611 451 787 509 TILENVS.

472 624 524 681 Ad
547 624 701 681 amicam.

144 754 255 824 Eripui‚
280 753 384 821 101000,
409 769 454 808 010
478 757 507 808 01
530 753 637 808 amoris
661 752 775 809 vincula
798 753 872 824 rupi,

142 849 225 904 Nunc
248 849 319 905 alias
344 864 450 919 sequor
472 847 634 903 inlecebras
658 864 828 919 omnemque
851 847 984 904 laborem

141 943 246 1014 Meque
269 943 364 1014 ipsum
386 942 478 999 reddo
503 941 611 998 Musis:
635 958 689 1013 age
713 959 783 999 cura
805 942 941 999 10000001.

142 1038 217 1094 Η100
240 1037 342 1105 omnis,
368 1036 453 1093 dolor
476 1037 583 1107 omnis;
607 1036 689 1092 hiant
711 1036 886 1108 praecordia
909 1037 990 1093 suavi

111 1133 276 1201 aLactitia
303 1131 465 1203 saliuntque
488 1147 564 1187 nova
587 1130 740 1188 dulcedine
763 1129 865 1188 fibrae.

142 1227 187 1284 Sit
208 1231 326 1298 praesto
350 1226 421 1298 lyra,
447 1227 505 1282 sint
526 1226 644 1297 plausus
668 1231 698 1282 01
721 1225 844 1283 amabile
869 1225 999 1282 carmen!

141 1322 193 1377 Illo
218 1321 285 1377 dum
309 1320 427 1378 demens
452 1319 591 1376 versabar
612 1321 642 1375 in
665 1336 791 1392 aequore
815 1320 932 1387 amoris,

96 1454 100 1461 ·
144 1417 200 1472 Tot
223 1415 330 1483 clades
355 1420 400 1472 101
423 1415 529 1472 damna
552 1414 612 1484 tuli,
638 1420 709 1486 quot
730 1415 760 1470 in
783 1431 909 1485 aequore
931 1413 1037 1471 fluctus

141 1510 311 1579 Volvuntur,
336 1526 409 1582 quae
433 1509 500 1567 dein
523 1511 649 1580 repetita
671 1515 704 1566 ut
728 1514 807 1566 sorte
830 1515 986 1581 regustem,

101 1625 127 1666 10
142 1606 208 1662 Non
231 1604 301 1660 mibi
324 1608 384 1660 1001
406 1602 533 1674 prudens
558 1605 707 1674 quisquam
730 1604 911 1673 persuaserit
934 1608 1029 1661 00100.

144 1699 188 1755 Sit
210 1703 327 1770 praesto
351 1698 423 1768 lyra,
448 1698 506 1753 sint
527 1698 645 1768 plausus
670 1702 699 1753 01
722 1696 846 1754 amabile
871 1698 1000 1754 carmen!

145 1792 280 1864 Quisquis
304 1809 344 1860 00,
368 1791 506 1862 auspiciis
531 1791 633 1847 duetus
657 1791 704 1863 qui
727 1789 803 1847 10010
827 1791 952 1848 sinistris

141 1888 223 1945 Haec
246 1887 337 1944 curris
360 1886 445 1955 freta,
470 1891 583 1943 mature
607 1886 658 1943 des
680 1886 772 1942 110100
795 1891 883 1955 00100,

142 1981 247 2039 Lintea
270 1981 321 2038 des
344 1986 433 2049 retro,
458 1981 483 2037 si
507 1986 535 2037 10
559 1981 584 2036 01
607 1997 677 2037 0000
700 1979 801 2037 salutis

102 2096 128 2137 10
143 2077 207 2133 Vlla
230 2083 297 2133 tuae
321 2080 409 2144 10001,
435 2074 588 2132 horrificos
612 2074 736 2132 evadere
761 2091 845 2132 casus

144 2170 175 2227 Si
197 2171 278 2241 cupis
303 2176 333 2227 01
355 2169 441 2226 rebus
465 2169 518 2225 tibi
542 2184 681 2240 quaerere
704 2186 810 2226 nomen
834 2170 974 2226 honestis

387 2410 574 2468 Problema
598 2412 782 2468 eroticum.

144 2541 260 2597 Rivales
283 2557 371 2597 unam
394 2539 451 2596 duo
476 2538 672 2608 sectabantur,
698 2557 796 2597 amore

187 2635 297 2692 Ambos
320 2634 370 2690 illa
392 2634 456 2704 pari
479 2639 595 2703 tractat,
621 2634 731 2691 bonore
754 2635 827 2706 pari.

143 2729 215 2801 Spes
237 2735 391 2801 utrumque
414 2727 492 2786 fovet
517 2745 569 2784 sua
591 2745 645 2784 neo
667 2729 766 2800 liquet,
792 2728 913 2800 aequior
935 2729 991 2785 utr'

186 2825 276 2896 Virgo
300 2824 338 2879 sit
362 2828 391 2880 et
412 2824 510 2894 potius
533 2822 642 2879 nubere
666 2828 769 2894 sponte
793 2822 870 2880 velit.

116 2919 224 2990 §Ergo
248 2918 329 2989 gravi
351 2914 470 2974 iuvenes
495 2916 674 2973 contendunt
696 2917 763 2986 bile,
788 2921 948 2989 metusque,

186 3013 348 3070 Dissidiurn
371 3011 476 3069 caedes
500 3028 535 3068 00
559 3016 737 3082 sequeretur,
764 3018 835 3069 crat.

144 3108 202 3165 Sed
226 3108 457 3179 correangnineae
480 3106 575 3178 gentis
598 3122 684 3176 prece
707 3107 834 3178 nympha
856 3113 997 3178 movetur,

187 3202 319 3260 Solveret
341 3208 374 3258 ut
397 3201 449 3258 tali
471 3200 522 3257 1110
545 3205 680 3272 motuque
704 3218 818 3272 000000,

143 3296 183 3352 Et
205 3298 273 3368 quia
294 3296 370 3353 10010
394 3295 490 3367 pudor
512 3295 603 3352 vetuit
627 3312 688 3353 rem
710 3296 839 3367 pandere
864 3313 945 3365 roco,

104 3408 131 3450 10
189 3390 258 3446 Vult
280 3391 398 3462 aliquod
421 3391 534 3462 signum
556 3392 636 3447 vocis
661 3390 742 3447 obire
765 3391 868 3447 vicem.

144 3485 261 3542 Rivales
283 3491 395 3556 parent,
420 3487 604 3557 praecinctus
627 3484 750 3542 floribus
775 3486 859 3554 altor,

186 3579 271 3637 Alter
293 3581 427 3637 inornate
451 3581 560 3637 vortice
583 3580 678 3637 nudus
702 3581 799 3637 adest.
