2476 4050
173 181 211 239 38
473 195 504 239 11.
525 194 654 239 neonus
676 195 836 240 meumes,

229 370 294 429 Sive
317 371 464 428 hominum
487 370 580 428 fessos
603 372 735 443 placidus
760 388 848 443 seper
871 378 995 443 occupat
1018 378 1117 443 artus

172 485 213 526 100
271 465 354 523 Solus
377 467 407 523 in
430 467 501 524 haec
524 467 618 523 nullus
641 466 749 524 lumina
772 484 888 524 somnus
912 467 982 524 abit.

228 560 295 617 Non
318 562 390 618 socii
413 567 582 633 tractaeque
605 563 705 619 iuvant
728 579 781 634 per
802 563 907 634 pocula
929 566 1040 631 noctes,

271 656 337 712 Non
360 656 438 713 soliti
460 656 549 725 lusus,
574 674 633 714 nen
655 657 726 729 lyra,
752 674 810 714 nen
832 658 972 724 citharae,

229 750 309 807 Hace
332 767 453 822 queque,
478 768 551 822 quae
574 768 676 809 saevos
700 751 779 808 fama
801 757 847 808 est
869 751 972 808 sedare
995 749 1117 810 fureres

271 845 366 916 Atque
390 845 477 902 etiam
500 844 631 918 Stygium
653 845 772 904 flectere
795 863 882 918 pesse
906 846 1013 903 levem.

173 957 214 998 rea
229 939 291 996 Nec
314 939 464 1011 quicquam
486 945 602 997 nostras
627 941 791 998 demulcent
814 941 942 998 carmina
963 945 1089 1010 mentes

271 1033 337 1090 Nen
360 1033 429 1091 facit
454 1035 491 1092 ad
513 1035 607 1093 luctus
631 1035 724 1094 Pieris
747 1037 805 1093 ulia
827 1053 916 1104 maes

229 1127 295 1185 Nen
316 1129 408 1200 magis
432 1146 465 1187 ac
489 1135 575 1201 capta
597 1136 705 1188 matres
728 1131 809 1187 iuvat
831 1130 963 1187 hostibus
986 1128 1059 1186 urbe

271 1224 420 1280 Attonitas
444 1224 520 1281 inter
543 1225 649 1282 ducere
673 1226 731 1282 tela
755 1225 869 1282 cheros¹

230 1317 291 1374 Nee
315 1324 393 1389 pute,
419 1319 481 1389 plus
506 1318 638 1390 Orpheus
663 1337 732 1376 casu
754 1336 909 1390 percussus
933 1318 1039 1375 acerbe
1065 1325 1124 1390 est,

174 1430 215 1470 rm
271 1412 432 1469 Labentem
454 1412 515 1471 fate
538 1414 612 1471 vidit
634 1420 666 1471 ut
688 1414 866 1486 Eurydicen,

231 1507 285 1576 Qui
308 1508 387 1565 velut
409 1509 471 1580 ipse
494 1526 546 1566 sue
569 1508 661 1567 fretus
686 1515 827 1580 cantuque
850 1509 969 1580 lyraque

270 1603 386 1659 Dicitur·
408 1602 536 1660 infernos
559 1604 640 1661 vivus
665 1604 762 1661 obisse
785 1604 874 1660 lacus

231 1695 278 1753 Sic
300 1697 389 1755 miser
410 1698 473 1770 ipse
496 1700 581 1756 trahe
606 1698 742 1756 defuncto
767 1714 889 1769 corpere
912 1697 1001 1753 vitam

273 1792 447 1865 Mertuaque
470 1794 499 1849 in
522 1795 587 1851 vive
612 1811 734 1865 corpere
758 1793 888 1850 membra
910 1807 989 1863 gero,

177 1904 216 1945 ns
231 1887 313 1944 Nune
337 1904 449 1959 quoque
473 1905 545 1959 quae
569 1889 669 1960 gracili
695 1889 768 1944 (luce
792 1888 844 1943 tibi
869 1886 997 1944 carmina
1019 1901 1109 1942 versu

274 1981 320 2037 Sic
345 1982 427 2050 duco,
452 1987 485 2039 ut
508 2000 593 2040 sensu
615 1983 663 2038 vix
685 1981 767 2039 fruar
789 1983 851 2053 ipse
875 1997 948 2038 meo.

232 2075 337 2134 Obruit
359 2077 506 2148 ingenium
529 2095 653 2147 maerer,
677 2077 842 2149 uenaeque
866 2076 1036 2133 tremiscens

272 2171 339 2229 Neu
362 2172 433 2229 sat-is
457 2171 554 2229 efficio
578 2173 715 2244 languida
739 2172 843 2229 dextra
866 2172 951 2228 valet.

230 2266 343 2323 Forsan
367 2272 396 2324 et
419 2273 565 2324 extremus
588 2267 671 2325 nobis
696 2268 752 2324 erit
774 2268 829 2324 iste
852 2266 994 2331 laborum,

177 2381 218 2421 rm
274 2361 372 2419 Deflet
395 2366 424 2419 et
446 2362 518 2419 haec
541 2379 598 2418 nne
623 2363 750 2419 carmine
774 2361 860 2419 Musa
884 2361 965 2417 dues.

233 2456 291 2514 Sed
314 2462 412 2513 tamen
434 2457 492 2513 ista
513 2456 569 2513 fuit.
592 2472 664 2527 quae
687 2462 748 2514 tarn
769 2456 833 2513 fera
855 2455 980 2512 numinis
1004 2451 1069 2509 ira?

276 2553 337 2607 Ant
360 2557 515 2623 quautam
539 2551 627 2607 subiti
652 2567 739 2609 causa
762 2550 892 2623 putanda
914 2544 1003 2606 mali?

235 2646 325 2703 Grata
347 2663 450 2718 parurn
475 2647 562 2704 crede
587 2662 707 2717 superes
730 2646 761 2702 in
783 2651 852 2703 vcta
874 2644 986 2701 vocasti

271 2741 332 2799 Nee
355 2740 478 2798 dederas
501 2758 575 2813 pura
598 2746 663 2798 turn
686 2757 844 2812 precesque
867 2755 953 2796 manu

178 2854 218 2895 ras
235 2838 293 2892 Aut
316 2836 424 2894 teneris
447 2837 524 2894 natis
548 2841 598 2894 ant
621 2853 678 2893 mni
701 2836 773 2893 satis
797 2850 890 2907 aequa
913 2832 1017 2889 marite

276 2932 415 2990 lteeuesti
442 2932 585 2989 ttmlnnrns
608 2931 674 2987 lalm
697 2935 800 2987 notata
822 2935 897 2986 tues.

236 3029 313 3096 (tuns
337 3028 426 3099 igitur
448 3026 541 3083 cultus
566 3032 617 3083 nnt
639 3043 710 3097 ques
734 3024 854 3096 pietatis
878 3023 1004 3079 hencres

281 3122 341 3180 t'lle
366 3127 394 3179 te
419 3120 513 3179 dicuni
537 3120 821 3192 praetorianorum,

235 3219 314 3287 tinne
339 3232 482 3289 rnrnqunnr
507 3214 592 3271 rubus
617 3213 757 3283 surrarebas
781 3231 864 3270 mnne.
887 3209 1024 3284 gerundis

181 3330 220 3372 ran
281 3312 337 3368 .·tnt.
361 3316 462 3369 rmntrn
486 3328 583 3367 senrnn
606 3308 831 3381 ‹¹0r1nu·nfessn
854 3307 955 3373 (lebas

238 3405 270 3462 n
298 3422 352 3462 nnn
377 3406 481 3463 ‹tirinis
506 3422 631 3477 eperum
654 3411 720 3461 unte
746 3404 842 3461 ninnin.
866 3400 953 3458 rebus

281 3499 401 3557 numus
427 3498 549 3557 [terniue
574 3506 642 3555 retn-
666 3515 823 3570 precesque
849 3496 910 3553 neo

237 3596 332 3667 ,itque
356 3592 458 3652 t‘ttrlcnr
481 3595 602 3667 srrlrplcx
626 3594 755 3651 ‹lentissn
777 3610 847 3650 t'ncc
872 3606 1001 3662 regales,
