2476 4050
85 214 105 270 4
225 220 245 266 1.
275 219 410 266 marsuas
431 219 608 264 aanmsove.
654 217 807 264 saoneres
830 217 937 264 aoevs.

146 399 204 456 Ter
227 403 348 456 conatus
372 413 451 453 eram
473 401 618 453 temonem
641 401 755 453 vertere
778 401 879 468 terque

188 493 352 551 Obstiterat
373 492 450 548 votis
473 508 519 547 res
542 490 709 562 peragenda
730 491 811 548 meis.

147 589 170 646 0
193 605 239 645 me
262 585 421 643 infelicem!
450 585 547 642 Pellor
570 586 611 642 sic
634 586 748 642 saucius
772 602 789 642 a
812 585 854 642 tei

88 702 130 744 100
187 681 351 753 languenti
374 681 436 752 quis
460 697 552 751 opem,
577 680 734 751 pharmaca
757 680 855 751 quisve
879 677 981 737 dabit?

144 777 187 833 Tu
211 776 272 833 solo
296 779 417 846 aspectu
439 774 613 845 praecordia
634 775 715 830 laesa
736 774 862 845 benigno

187 871 228 927 Et
250 886 353 941 posses
376 873 458 926 tactu
480 869 604 926 reddere
628 885 699 925 sana
721 886 831 938 suarius,

146 965 204 1023 Sed
226 965 338 1036 raperis
361 980 486 1034 propere
509 964 664 1035 rapiorque
687 964 865 1022 miserrimus
887 963 969 1021 Euro

190 1059 286 1127 Ocior,
312 1064 341 1116 et
362 1058 456 1114 nostri
485 1062 530 1115 est
552 1058 629 1114 nulla
651 1058 766 1115 medela
787 1058 864 1114 mali.

92 1173 134 1214 105
149 1155 215 1211 Non
238 1153 308 1209 mihi
331 1153 495 1223 Philyrides
518 1169 571 1208 nec
594 1153 663 1209 item
685 1152 826 1224 prodesse
849 1153 997 1210 Machaon

188 1248 251 1305 Nec
273 1248 384 1318 poterit
406 1247 536 1303 medicae
558 1247 660 1303 Delius
684 1251 787 1304 auctor
810 1247 881 1318 opis.

145 1343 221 1411 Non,
245 1343 302 1398 nisi
324 1346 353 1397 te
376 1358 476 1397 rursus
499 1341 623 1410 videam,
648 1341 782 1410 sanabor,
808 1347 839 1398 11
861 1342 910 1398 1111

188 1437 310 1506 Quando
335 1436 397 1493 dies
420 1436 535 1504 misero,
561 1436 675 1507 quando
700 1435 756 1493 erit
778 1436 827 1492 illa
851 1433 934 1492 dies?

148 1531 261 1602 Corpus
285 1530 345 1587 abit
369 1530 470 1598 solum,
495 1529 549 1586 tibi
571 1547 651 1587 mens
676 1531 844 1602 animusque
868 1531 1018 1601 cohaeret,

90 1644 132 1685 110
190 1624 329 1682 Sensibus
352 1624 442 1681 infixa
465 1630 510 1681 est
533 1626 574 1682 sic
597 1630 647 1681 tua
669 1624 764 1681 fornia
786 1627 867 1682 meis.

144 1720 257 1777 Felices
280 1721 377 1792 igitur,
403 1718 486 1776 firmo
511 1720 557 1791 qui
580 1724 701 1775 utuntur
724 1737 831 1788 amore,

186 1815 295 1871 Durius
318 1815 430 1871 incerto
453 1815 524 1870 vivit
548 1819 663 1870 amante
687 1814 766 1870 nihil.

396 2274 591 2332 GEORGIVS
614 2274 748 2332 LOGVS.

434 2428 486 2484 Aa
508 2428 710 2500 Lycinnam.

129 2565 187 2622 Ter
208 2565 279 2621 mihi
302 2564 394 2621 tristis
418 2566 510 2621 hiems
535 2565 613 2622 carris
637 2570 701 2622 sata
723 2566 801 2623 laeta
823 2566 934 2637 pruinis

170 2659 289 2730 Spargit
312 2665 341 2716 et
364 2659 471 2731 algenti
494 2657 603 2731 frigore
627 2660 743 2732 stringit
766 2677 868 2732 aquas3

130 2753 267 2826 Quaeque
289 2754 369 2826 prius
393 2755 480 2811 ramis
504 2755 561 2812 late
584 2753 786 2812 frondentibus
811 2755 899 2812 arbor

172 2848 296 2906 Sustulit
318 2853 447 2906 erectum
470 2849 549 2906 clara
572 2849 624 2906 sub
648 2855 728 2907 astra
751 2854 846 2920 caput,

102 2942 184 3002 oilla
206 2944 293 3000 modo
317 2944 411 3001 insani
432 2943 546 3001 Boreae
569 2960 712 3001 concussa
733 2943 868 3014 procellis

171 3036 315 3094 Gaudenti
337 3038 462 3109 gelidam
486 3038 538 3094 sub
561 3039 626 3095 nive
650 3042 764 3109 spectat
786 3039 911 3095 humum.

127 3131 162 3187 In
186 3131 250 3188 nive
273 3131 332 3188 fixa
355 3137 471 3190 manent
494 3133 625 3204 leporum
648 3132 772 3204 vestigia
793 3133 881 3201 molli,

172 3225 332 3282 Inclomitas
355 3226 483 3297 produnt
505 3233 535 3283 et
558 3244 610 3284 sua
633 3229 716 3299 signa
737 3226 825 3284 feras,

129 3320 260 3378 Venator
282 3321 377 3391 gehclo
402 3337 472 3392 quas
496 3321 548 3377 sub
572 3322 641 3379 love
665 3323 732 3378 (lum
754 3322 830 3393 petit
852 3336 929 3390 acer,

84 3434 112 3474 1o
169 3415 204 3483 A,
230 3414 301 3470 nihil
324 3420 369 3471 est
391 3421 510 3472 tenerae
534 3416 664 3487 coniugis
687 3416 735 3472 ille
758 3415 882 3473 memor!

130 3509 180 3567 Me
203 3513 283 3566 tenet
306 3509 401 3581 exigui
425 3515 546 3581 propter
569 3527 640 3567 cava
662 3507 782 3567 flunrina
803 3509 898 3566 Rheni

171 3603 290 3661 Felsina
313 3604 349 3661 ab
372 3605 497 3662 Aemilio
521 3604 626 3661 nobilis
651 3610 737 3662 aucta
760 3605 841 3672 duce,
