2476 4050
202 194 243 256 20
424 211 443 255 1.
465 211 583 256 11111111
605 211 768 258 torminis
791 213 954 260 srovuovs

285 387 440 456 Accidere,
465 388 609 458 exsequiis
633 389 754 460 contigit
777 407 861 448 omne
884 392 951 448 tuis.

245 482 329 553 Quod
353 486 486 553 superest
508 479 655 555 (quoniam
678 484 749 540 nihil
772 489 817 541 est
838 487 965 542 velocius
988 486 1086 565 annis)

287 577 430 645 Gaudeat,
455 582 487 632 ut
512 577 599 647 digna
622 583 676 646 est,
699 577 772 635 flore
795 580 913 637 iuventa
935 597 1002 638 suo:

245 673 321 730 Pace
344 677 396 727 tua
417 671 506 727 liceat
526 670 672 729 funestam
693 690 802 743 ponere
826 680 935 731 vestem

200 787 229 828 ao
286 767 461 838 Myrteaquc
485 768 595 822 ornatis
618 767 742 824 reddere
766 773 845 825 serta
869 770 967 826 comis.

240 862 412 933 Appennino
435 865 529 932 pater,
552 877 658 917 vacuas
682 863 730 933 qui
752 863 830 918 tollis
853 864 883 919 in
906 880 991 921 auras

284 956 402 1012 Ilicibus
426 956 552 1012 cinctum
574 956 770 1027 iuniperisque
794 963 881 1028 eaput

242 1051 442 1122 Aemiliaeque
465 1050 566 1106 videns
591 1067 671 1106 oram
695 1068 868 1123 camposque
891 1053 1020 1110 iacentes

281 1144 387 1202 Nobile
411 1144 563 1201 Felsineae
587 1145 712 1215 despicis
734 1144 815 1201 urbis
838 1163 919 1216 opus,

196 1259 225 1300 ⁴25
241 1241 284 1296 Tu
307 1240 377 1296 mihi
402 1256 535 1295 curarum
560 1255 679 1296 consors
702 1241 842 1312 testisque
865 1240 1006 1311 laborum,

282 1334 326 1390 Tu
349 1333 435 1389 viridi
458 1349 557 1389 servas
581 1334 687 1404 gaudia
709 1338 810 1391 nostra
832 1336 909 1406 iugo.

241 1429 295 1485 Hic
317 1445 382 1484 mea
404 1429 453 1485 lux
475 1429 577 1498 patriis
600 1429 630 1484 in
655 1428 775 1485 collibus
799 1430 889 1500 exigit
912 1446 1013 1486 aerum

282 1523 458 1594 Lanigerum
480 1539 602 1593 pascens
625 1524 701 1579 ruris
725 1524 840 1580 alumna
862 1541 960 1595 pecus,

240 1619 294 1674 Illa
315 1634 395 1673 meos
419 1617 516 1689 rapuit
539 1634 640 1673 sensus
665 1618 855 1690 animumque,
880 1619 957 1690 quod
980 1636 1082 1678 onmes

196 1731 225 1773 oo
282 1712 416 1784 Euganei
437 1712 581 1783 nymphae
605 1729 663 1768 non
684 1718 807 1782 potuere
830 1714 893 1769 soli.

240 1808 320 1863 Illius
344 1808 374 1862 in
397 1807 466 1863 solis
491 1823 598 1877 quaero
622 1807 745 1877 vestigia
768 1807 847 1864 silvis

283 1901 431 1972 Graiaque
455 1905 522 1971 post
545 1900 654 1956 habitis
676 1901 796 1958 urbibus
821 1919 890 1959 arva
913 1903 986 1959 colo

241 1996 338 2052 Dicite
363 1995 499 2052 custodes
522 1996 646 2066 pecoris,
670 2013 789 2053 nemora
812 1997 871 2053 alta
894 2001 1042 2055 tenentes:
1069 2052 1071 2057 .

281 2090 384 2163 Ecqua
407 2089 459 2146 sub
482 2090 539 2146 hoc
562 2095 658 2147 servat
682 2096 779 2148 monto
801 2091 897 2162 puella
920 2090 1057 2164 gregem?

198 2204 226 2245 11
241 2185 347 2254 Dicite,
371 2186 496 2241 lassatos
521 2202 576 2256 quo
599 2183 680 2242 ionte
703 2185 858 2257 refrigerat
880 2191 969 2254 artus

282 2279 359 2348 Qum
383 2279 479 2347 silvas,
503 2279 599 2336 medio
623 2297 696 2352 quae
720 2280 797 2337 subit
820 2286 904 2337 antra
928 2278 994 2338 die?

239 2373 320 2430 Haec
344 2390 406 2444 ego.
442 2374 514 2430 Turn
537 2375 616 2445 ripas
639 2379 782 2431 monstrat
805 2376 875 2433 milri
898 2376 1008 2433 rustica
1030 2378 1141 2451 pubes,

282 2468 345 2537 Qua
368 2467 499 2526 Panarus
522 2469 631 2540 liquido
653 2475 809 2541 praenotat
831 2487 901 2527 arva
922 2471 1006 2542 pede,

239 2563 290 2620 Ille
313 2562 443 2634 fatigatis
467 2570 566 2635 gratus
590 2564 757 2635 pastoribus
781 2566 887 2622 amnis:

195 2676 223 2718 so
281 2657 346 2714 Huc
368 2664 470 2729 potum
492 2664 606 2714 saturas
630 2658 679 2714 lux
701 2675 766 2715 mea
789 2659 869 2716 ducit
892 2677 968 2717 oves

239 2752 295 2810 Hic
318 2753 409 2810 oculis
431 2753 556 2824 primum
579 2754 645 2809 tulit
668 2753 753 2810 obvia
776 2755 883 2810 lumina
905 2755 1023 2823 nostris,

280 2848 405 2905 Lumina
428 2864 500 2919 quae
525 2847 615 2903 radiis
639 2848 752 2905 aemula
775 2848 843 2904 solis
867 2853 959 2905 erant.

237 2941 312 3010 Quid
335 2941 469 3010 rcieram,
495 2943 627 3013 quotiens
651 2946 766 2999 noctem
788 2959 842 3012 per
863 2942 1011 3014 inhospita
1032 2942 1142 3005 ducam

281 3035 311 3092 Si
335 3041 423 3108 queat
445 3037 591 3093 aerumnis
615 3053 679 3093 esse
701 3036 827 3108 benigna
849 3034 941 3094 meis?

196 3129 293 3189 411111
316 3130 368 3187 sed
391 3127 422 3206 (a
444 3129 595 3208 sinrplcxl)
619 3132 750 3187 humanis
773 3131 873 3188 invida
895 3132 970 3189 votis

279 3225 408 3297 Virginei
431 3225 540 3281 mavult
563 3242 627 3282 esso
649 3225 745 3295 puella
766 3227 847 3283 chori

237 3320 452 3392 Impatiensque
475 3320 529 3376 viri
553 3321 640 3376 castis
665 3337 695 3376 so
719 3320 842 3377 devovet
866 3321 933 3389 aris,

280 3415 418 3486 Vittaquc
441 3413 581 3471 flaventes
604 3416 662 3471 iarn
684 3415 755 3486 ligat
779 3415 844 3472 alba
868 3432 973 3472 comas

237 3510 305 3567 Vidi
330 3527 392 3581 ego,
419 3527 482 3566 cuni
505 3526 605 3565 roseos
629 3510 719 3580 nigris
742 3514 870 3567 mutaret
892 3510 1016 3567 amictus

191 3624 223 3664 ao
279 3605 321 3662 Et
344 3605 470 3661 tunicam
494 3620 613 3675 nragnos
637 3609 760 3675 poneret
783 3610 850 3663 ante
874 3605 945 3663 deos

1145 2994 1152 3017 5
