2476 4050
494 187 536 231 IX.
566 186 742 232 ANONYMVS.

179 365 223 423 Tu
245 365 319 423 bene
342 366 518 437 promeritos
541 365 647 423 heroas
670 363 801 447 piscibus
823 379 919 420 escam

225 460 323 518 Obicis
347 464 377 517 et
399 460 478 517 rides
501 445 605 516 funera
629 457 835 526 christiadum,

180 554 242 612 Nec
264 553 343 611 ferre
367 554 514 626 iugulasse
538 558 585 610 sat
607 557 661 626 est,
685 553 742 610 nisi
766 557 924 610 scommate
948 552 1056 610 sanctis

223 649 348 706 Insultet
369 649 503 720 petulans
527 648 625 720 lingua
648 648 848 705 cadaveribus.

137 763 165 804 15
180 743 277 813 Disce,
301 760 390 818 puer,
407 744 475 817 quid
498 744 538 801 sit
558 743 655 800 verbis
677 743 809 800 inludere
833 741 960 811 Christo,

222 837 319 906 Disce,
345 838 413 914 quid
437 843 466 895 et
488 855 587 895 manes
611 838 650 894 sit
671 843 815 894 temerare
838 836 917 908 pies!
1011 877 1014 882 -

180 932 344 989 Antiochus
368 932 486 1003 Solyma
509 933 586 990 cives
609 924 748 990 mactavit
769 932 800 989 in
821 931 903 1002 urbe,

223 1026 307 1096 Quod
331 1025 433 1099 Stygio
456 1027 567 1085 nollent
590 1043 675 1084 sacra
696 1027 782 1083 litare
805 1027 882 1099 Iovi3

180 1121 324 1179 Innocuas
344 1105 450 1178 ‘tenero
473 1120 604 1193 perfudit
627 1121 765 1193 sanguine
789 1119 877 1178 cunas

135 1234 165 1275 ac
222 1215 366 1285 Herodes
391 1214 508 1274 Christo
532 1208 600 1273 duin
622 1220 708 1288 parat
729 1215 864 1288 insidias3

179 1310 268 1367 Vitali
290 1310 396 1367 multos
422 1311 557 1381 spoliavit
580 1309 746 1369 Honoricus
766 1327 849 1379 aura,

206 1403 388 1462 ,Salvificam
412 1393 529 1462 christi
545 1406 593 1478 qui
617 1406 733 1463 coluere
755 1403 858 1462 fidem:

178 1499 218 1555 At
241 1485 359 1556 tandem
382 1484 476 1556 tribus
499 1500 544 1556 his
568 1516 584 1556 e
606 1501 684 1571 putri
709 1516 796 1557 carne
820 1503 966 1557 scatentes

219 1593 376 1649 Vermiculi
400 1593 481 1650 dirae
505 1610 592 1650 causa
614 1586 696 1650 fuere
719 1595 809 1650 necis.

133 1705 162 1749 ab
177 1687 220 1743 Tu
244 1703 356 1759 quoque
380 1686 525 1745 defunctis
549 1689 596 1760 qui
618 1693 750 1745 monstra
771 1688 884 1745 malina
906 1689 1034 1758 minaria,

218 1781 307 1855 Vivus
331 1782 485 1840 adhucne
509 1783 548 1840 sis
572 1782 718 1839 vermibus
742 1799 818 1852 esca,
842 1782 923 1840 vide!

177 1875 207 1932 Si
231 1882 259 1933 te
282 1876 360 1934 nulla
383 1862 501 1934 movent
523 1877 588 1934 aevi
611 1877 785 1935 documenta
806 1865 923 1949 prieris,

217 1971 258 2027 At
280 1973 372 2043 patris
396 1972 527 2043 exemplo
550 1963 672 2044 parcere
696 1972 776 2029 disce
798 1971 868 2043 piis!

175 2063 229 2134 Qui
253 2083 283 2122 se
307 2067 435 2123 visurum
456 2065 592 2138 Burgaec
617 2067 732 2123 dixerat
754 2066 866 2136 Annae,

131 2176 159 2217 ac
219 2157 330 2230 Corpus
353 2159 384 2216 in
406 2170 525 2216 arsuros
548 2158 639 2217 ferret
661 2165 694 2216 ut
715 2161 763 2217 ille
786 2177 883 2232 rogos

173 2252 306 2323 Dixerat,
330 2258 377 2310 ast
399 2255 500 2311 Annas
522 2255 603 2326 prius
627 2254 839 2312 immedicabile
862 2256 936 2313 vidit

215 2346 319 2404 Vicina
341 2349 443 2405 vulnus
465 2350 558 2419 patris
581 2348 617 2406 ab
642 2365 709 2407 arce
732 2350 783 2419 tui,

173 2440 290 2499 Lancea
314 2444 360 2500 cui
381 2449 538 2515 penetrans
561 2443 726 2502 tenebravit
746 2445 862 2502 luminis
886 2444 995 2516 orbem,

136 2529 139 2536 ⁴
215 2536 292 2593 Dum
313 2538 391 2595 laeto
414 2555 511 2610 pugna
533 2539 608 2596 ludit
629 2540 659 2595 in
682 2539 885 2610 hippodromo.

128 2648 156 2689 35
172 2630 212 2686 Et
234 2632 311 2703 quod
333 2623 457 2701 mireris
480 2632 647 2704 Burgaeum
670 2650 787 2690 carcere
810 2634 915 2690 clausit

216 2726 310 2796 Atque
333 2730 415 2782 tuum
437 2731 549 2796 patrem
574 2727 691 2783 sustulit
712 2744 771 2783 una
792 2743 903 2784 manus,

174 2817 204 2874 Si
227 2817 336 2876 violata
357 2817 440 2886 tides,
466 2820 490 2875 si
513 2819 555 2876 vis
578 2820 687 2877 iniusta
709 2820 863 2892 probanda
886 2827 938 2892 est,

214 2911 244 2968 si
267 2912 371 2969 merito
395 2912 511 2970 laudem
532 2912 621 2971 foeda
643 2915 773 2986 tyrannis
796 2914 895 2986 habet,

168 3007 212 3063 Tu
235 3022 346 3079 queque
368 3024 445 3064 nunc
467 3008 571 3065 merito
594 3013 663 3079 post
684 3007 805 3066 foedera
825 3015 911 3082 rupta
931 3011 1105 3084 triumphas,

126 3119 154 3161 4ο
211 3101 325 3158 Nobilis
348 3101 449 3158 infami
472 3103 570 3174 regule
599 3103 730 3161 saevitia.

170 3195 287 3265 Contra,
313 3196 337 3253 si
359 3196 439 3254 Deus
464 3201 509 3254 est
530 3196 612 3255 fandi
635 3215 746 3256 memor
767 3203 854 3271 atque
877 3199 1006 3274 nefandi,

214 3290 250 3346 Vt
272 3308 383 3348 memor
405 3296 459 3361 est,
483 3291 565 3349 iocus
589 3293 637 3349 hic
660 3292 775 3350 desinet
797 3294 827 3351 in
849 3295 994 3352 lacrimas,

81 3373 84 3377 ’
167 3384 226 3441 Vos
250 3385 339 3456 igitur
361 3402 469 3456 manea,
494 3404 615 3459 quorum
637 3403 713 3444 nunc
737 3404 861 3460 corpora
884 3395 996 3446 vastum

209 3479 305 3536 Triste
330 3481 423 3536 scelus
446 3483 523 3552 regis
545 3481 636 3539 mittit
658 3482 688 3539 in
712 3482 867 3553 Oceanum,

123 3573 202 3633 451n
225 3571 341 3631 Christe
365 3574 500 3646 gaudete,
524 3569 580 3648 piis
603 3576 780 3634 laetissimus
803 3578 895 3634 instat
