2482 4050
150 214 208 274 1⁸22
513 229 554 274 rx.
582 230 777 291 nuenarius..

228 405 283 475 Qui
306 406 388 462 vobis
412 405 516 464 reddet
540 424 664 479 corpora
687 412 784 465 vestra
808 406 881 477 dies,

186 499 318 573 Corpora
341 502 456 559 siderea
478 502 598 559 multum
620 502 767 560 radiantia
789 503 862 573 luee,

229 595 295 653 Sive
318 612 353 653 ea
376 614 450 654 nurse
472 596 587 668 xiphias
610 597 670 654 sive
693 613 728 655 ea
752 601 832 655 eetus
856 596 934 655 edat.

187 691 228 747 At
251 697 291 762 tu,
315 691 457 749 Romuleo
481 691 586 748 devote
608 697 730 763 tyranne
753 691 845 762 Bauli,

140 804 168 845 50
225 786 286 842 lois
309 786 347 844 ad
369 785 506 856 inserena,
530 785 560 842 ni
583 786 742 857 resipiscis,
765 803 865 858 aquaS,

182 880 216 937 In
239 880 341 952 quibus
364 880 442 938 haud
464 880 535 937 nauti
558 879 663 938 rodent
685 886 736 937 tua
757 881 870 938 viscera
891 880 998 952 pisces,

224 974 290 1043 Sed,
315 992 388 1047 quae
410 980 440 1031 te
461 975 576 1047 perdat,
599 972 716 1033 flamma
737 975 873 1046 perennis
897 973 963 1043 erit,

184 1068 399 1141 Oarnifieesque
422 1074 488 1127 tuos
513 1075 607 1127 terunt
632 1069 786 1142 caedisque
809 1070 968 1139 ministros,

225 1165 279 1233 Qui
303 1163 447 1221 scelerare
470 1181 537 1221 suas
560 1182 619 1221 non
642 1166 763 1221 timuere
785 1181 896 1221 marrus.

139 1277 166 1318 aa
181 1259 244 1317 Nee
266 1264 364 1316 tamen
386 1259 507 1328 interea,
533 1260 661 1331 quamtis
685 1259 809 1317 dicte1ia
830 1257 932 1331 fingas,

222 1353 304 1410 IIaee
327 1370 431 1424 expers
453 1354 558 1410 inaesti
580 1354 640 1410 vita
664 1354 773 1411 doloris
796 1354 861 1411 erit.

179 1447 300 1519 Semper
322 1447 398 1504 enirn
419 1446 588 1519 facinusque
611 1451 692 1505 tuurn
714 1446 888 1521 fraudesque
910 1446 1084 1519 manebunt,

221 1543 261 1598 at.
283 1548 311 1599 te
334 1542 412 1599 faura
434 1559 516 1600 reum
537 1542 654 1614 publiea
677 1543 775 1600 raedis
798 1547 878 1615 agen

178 1638 218 1695 Te
242 1638 343 1707 genius
366 1637 458 1694 ineius
482 1642 511 1695 et
533 1637 739 1695 Rhamnusidis
762 1639 807 1694 iru
829 1642 967 1709 sequetur

136 1750 162 1791 iro
221 1732 360 1801 Horrida,
384 1737 413 1789 te
437 1732 500 1789 dira
523 1733 617 1789 noetis
640 1732 736 1804 imago
759 1736 880 1804 premet.

175 1826 321 1899 Quidquid
344 1843 424 1899 agas,
448 1844 626 1899 quocumque
649 1827 746 1895 abeas
771 1844 852 1885 inens
875 1826 963 1883 auxia
986 1826 1067 1883 euris

220 1922 290 1978 Post
313 1926 400 1992 eaput
422 1922 546 1978 ultorem
569 1923 676 1978 sentiet
699 1938 763 1978 esse
785 1921 889 1979 Deum.

175 2015 222 2073 Sia
244 2016 294 2072 ubi
316 2021 452 2073 vexatum
475 2016 575 2073 tulerit
596 2033 673 2072 iners
698 2021 772 2086 atra,
796 2014 939 2073 sedebunt

218 2110 265 2167 Ad
287 2116 338 2166 tua
362 2110 497 2167 custodes
520 2111 610 2182 inrpia
631 2110 719 2167 bustu
741 2111 856 2182 striges,

131 2222 158 2263 aa
174 2204 276 2261 Foeda
298 2204 401 2276 quibus
425 2205 522 2262 sociae
545 2205 663 2277 iungant
687 2222 739 2262 sua
761 2209 840 2261 teet-a
862 2203 1005 2273 volucres,

216 2298 375 2369 Harpyiae,
400 2299 501 2367 eueuii,
526 2300 701 2370 rryeterides,
727 2315 844 2370 epepes.

177 2394 319 2464 l’orpetuo
343 2392 431 2449 stabit
455 2410 513 2448 nox
537 2393 710 2451 eireunrfusa
733 2393 870 2462 tenebris,

214 2488 255 2544 nt
277 2486 373 2558 gravis
397 2487 504 2543 exilia
527 2487 602 2544 linire
625 2488 736 2545 volabit
759 2489 842 2545 odor.

173 2583 264 2652 (quern
286 2581 388 2653 preeul
410 2587 442 2638 ut
465 2582 555 2639 sensit
580 2599 746 2654 eornpressu
769 2600 838 2639 nare
861 2582 967 2651 viator,

128 2696 156 2737 ao
214 2677 351 2733 Protinus
375 2677 481 2734 avertit
503 2676 635 2734 tristibus
659 2694 711 2734 ora
733 2676 805 2733 loeis

171 2772 212 2828 Et
234 2772 325 2828 dicet:
353 2771 471 2830 ‘Sordet
493 2773 586 2829 nostri
610 2773 657 2829 hie
679 2771 799 2829 infamia
821 2771 919 2841 saeeli,

214 2865 345 2936 Carolus,
370 2872 399 2923 et
421 2865 490 2924 fidei
513 2867 648 2937 proditor
671 2871 699 2923 et
721 2865 856 2937 patriae!

355 3716 417 3751 uruca
430 3727 466 3751 ven
480 3720 492 3752 1.
499 3726 541 3750 een
548 3718 559 3750 Ιι
565 3728 576 3749 u
583 3718 607 3750 rd
619 3716 641 3751 Si
648 3726 667 3749 in
673 3718 677 3749 i
684 3728 694 3750 o
701 3727 720 3759 u,
734 3718 798 3751 lierilu
810 3717 850 3751 SW.
