2476 4050
402 215 466 260 VIII.
495 215 652 260 MARTINVS
674 215 832 261 BALTIOVS.

177 390 254 448 Dum
277 391 378 462 procul
402 407 419 447 a
441 392 539 461 patria
561 391 626 448 vivo
649 391 727 447 velut
751 391 833 448 exsul
856 407 953 460 arena,

218 485 241 542 O
266 485 362 542 auimo
386 485 505 541 nimium
528 489 662 556 tempora
685 486 771 557 longa
794 485 874 542 meo!

144 580 241 651 alpse
264 579 334 636 ruihi
356 580 459 636 videor
481 581 577 651 patria
602 581 729 637 caruisse
753 585 798 637 tot
821 596 922 648 annea,

217 674 335 730 Ithacus
359 674 510 746 aequoreis
535 678 606 745 quot
627 673 682 730 fuit
705 681 788 731 aetus
810 675 901 755 aquis.

174 768 311 825 Forsitan
335 768 487 839 Hesperiis
512 769 635 841 populus
660 770 707 840 qui
730 770 808 826 veuit
832 768 869 826 ab
892 768 978 823 ululis

217 862 273 919 Hei
296 862 367 919 mihi
389 863 500 919 natales
526 863 719 934 depopulatur
741 880 836 934 agros,

175 957 294 1028 Quaque
318 973 372 1028 ego
395 957 489 1028 prirua
512 974 594 1014 meae
619 957 687 1013 duxi
712 956 854 1014 cunabula
876 957 963 1023 vitae,

130 1071 160 1111 ro
218 1051 274 1107 Est·
297 1051 387 1108 oculis
410 1068 555 1123 nunquam
578 1051 655 1108 forte
678 1051 804 1108 videnda
827 1051 938 1107 domus.

171 1145 279 1214 Dicite,
303 1145 462 1217 praelongo
486 1146 556 1202 1111111
580 1145 671 1202 iuneti
695 1144 815 1202 foedere
839 1144 934 1212 amici,

217 1239 295 1309 Quos
319 1240 415 1296 auimo
438 1239 512 1297 fixos
536 1246 623 1297 nocte
648 1240 750 1311 dieque
774 1257 853 1311 gero,

176 1334 235 1391 Cur
257 1340 339 1391 vetus
364 1350 379 1391 e
402 1340 499 1392 vestro
524 1336 566 1392 sio
589 1339 709 1406 pectore
732 1333 816 1391 fluxit
839 1330 969 1391 amicus?

217 1428 339 1498 Quaado
362 1429 457 1500 legam
479 1434 578 1486 vestra
601 1428 691 1486 verba
713 1436 816 1486 notata
838 1424 944 1485 uranu?

130 1542 159 1584 15
176 1522 298 1595 Saepius
322 1525 436 1594 accepit
459 1524 577 1580 missam
602 1524 657 1581 sibi
681 1523 760 1580 Naso
785 1523 917 1589 salutem,

217 1619 308 1675 Actus
332 1618 369 1674 ad
392 1608 522 1674 Euxinas
547 1618 614 1675 duur
636 1617 692 1674 luit
715 1619 780 1674 exul
803 1633 902 1688 aquas.

177 1713 223 1769 Α11
247 1713 348 1783 procul
371 1728 388 1768 a
411 1711 493 1769 vobis
518 1712 640 1770 discessi
664 1711 730 1769 labe
753 1711 870 1782 fugatus

218 1807 405 1863 Mutaruntve
429 1807 534 1864 malam
558 1807 679 1864 crimina
701 1812 803 1863 nostra
825 1802 932 1862 fidens?

177 1901 241 1957 Huc
266 1901 402 1972 quotiens
425 1902 543 1958 veniens
566 1901 706 1958 Boiorum
730 1918 799 1958 rura
821 1901 937 1972 reliquit

128 2014 159 2057 20
217 1995 352 2064 Nuntius,
377 1997 452 2053 hunc
477 1996 583 2067 cupido
608 1996 676 2067 quid
699 1995 776 2053 ferat
800 2013 850 2053 ore
874 2012 960 2068 rogo,

168 2089 251 2147 'Dum
274 2089 372 2159 ‚Nihil’
396 2090 444 2147 illc
468 2090 567 2159 refert,
592 2091 700 2162 glacies
723 2107 788 2147 urea
811 2095 932 2161 pectora
955 2090 1070 2161 stringit

215 2184 339 2241 Labitur
362 2202 398 2241 ex
422 2185 511 2241 oeulis
536 2191 704 2256 maestaque
727 2189 811 2256 gutta
834 2185 920 2256 meis3

175 2277 247 2336 Cum
269 2284 367 2336 tamen
390 2280 445 2341 hoc
469 2280 557 2336 animi
580 2278 671 2351 frigus
696 2279 731 2336 de
754 2284 873 2350 pectore
897 2279 994 2347 cessit,

216 2373 342 2430 Audires
365 2379 479 2431 inaesta
501 2374 573 2431 talia
597 2391 667 2431 voce
690 2374 783 2446 loqui:

129 2486 160 2528 ao
174 2467 268 2537 Nunc,
294 2485 346 2525 sua
369 2469 417 2540 qui
440 2470 551 2539 primus
575 2469 725 2525 mandavit-
747 2469 859 2526 semina
881 2469 977 2536 terris

214 2562 385 2634 Triptolemi
409 2580 509 2620 currus
534 2581 610 2620 nunc
632 2563 769 2621 habuisse
793 2564 887 2631 velim,

173 2656 322 2714 Daedalus
347 2675 363 2714 o
387 2659 498 2715 utiuaru
523 2659 632 2715 celeres
656 2659 726 2714 1111111
749 2658 881 2714 traderet
903 2658 974 2726 alas,

216 2752 293 2820 Quas
317 2752 420 2808 habuit
443 2753 556 2825 fugiens
581 2770 709 2822 carcero,
735 2752 831 2821 Creta,
857 2757 916 2819 tuo,

171 2844 285 2917 Lapsus
308 2863 361 2918 per
384 2852 501 2904 teneras
526 2853 558 2903 ut
581 2863 634 2918 ego
659 2848 799 2904 velociter
821 2863 907 2902 auras

128 2957 158 3000 eo
217 2938 422 3011 Conspicereru
447 2943 561 3013 patriae
586 2941 682 2998 dulcia
705 2958 773 2998 rura
796 2940 891 2997 meae!

172 3034 196 3091 Ο
219 3035 330 3092 utinam
353 3052 497 3108 uunquam
522 3037 671 3093 discordia
694 3037 782 3093 noxia
805 3052 888 3105 reges

215 3129 319 3201 Egerit
342 3130 466 3187 adversa
489 3131 587 3188 tristia
611 3131 648 3187 ad
671 3148 753 3188 arma
774 3130 875 3187 irrauu!

172 3223 239 3280 Non
261 3241 384 3281 vacuum
409 3225 512 3281 studiis
538 3226 612 3282 adeo
636 3226 707 3281 1111111
730 3231 843 3296 tempus
868 3225 971 3295 abiret,

215 3317 283 3375 Nou
305 3336 445 3390 quererer
467 3320 581 3390 patriae
606 3321 703 3376 tristia
725 3320 788 3377 fata
810 3336 901 3376 ureae.

129 3429 157 3472 35
174 3411 268 3484 Impia
290 3413 425 3470 Tartarei
448 3414 607 3471 Discordia
629 3413 690 3471 filia
712 3415 799 3483 Ditis,

215 3506 307 3576 Quam
331 3508 430 3564 docuit
454 3508 520 3565 litos
545 3514 574 3565 et
597 3509 660 3566 fora
681 3509 759 3565 bella
781 3526 896 3580 pareus

173 3599 253 3670 Quae
276 3602 372 3659 media
395 3603 425 3658 111
447 3604 544 3674 patria
566 3602 650 3660 firrua
674 3612 702 3660 te
726 3603 795 3661 sede
819 3604 923 3661 locasti
