2476 4050
130 3625 159 3667 10

460 221 480 263 l.
504 220 607 265 BRVNO
630 219 800 264 SEIDELIVS.

282 399 328 455 Ac
351 397 444 454 dulcis
469 397 599 454 citharae
621 395 709 465 feras

323 491 450 561 Montes,
476 509 547 549 saxa
570 497 672 548 secuta
696 491 854 562 accipimus
879 507 989 547 sonum.

281 585 340 643 Cur
362 603 421 644 non
442 585 515 643 haec
538 586 640 642 eadem
663 590 750 657 queat

329 681 459 737 Testudo
481 680 583 737 faciles
607 680 731 736 reddere
754 676 901 752 virgines?

281 775 361 846 Ergo
383 774 492 831 blanda
514 775 585 831 mihi
609 775 706 846 chelys

323 868 421 926 Salve!
450 869 590 925 Mercurii
614 869 720 926 callida
743 885 823 925 mens
847 869 895 925 dei

281 964 322 1020 Te
345 963 519 1020 monstrarit
542 968 571 1020 ct
593 962 693 1042 usibus

321 1058 375 1115 His
399 1058 540 1115 concham
562 1058 693 1128 repperit
715 1056 862 1114 mont-ibus
887 1055 984 1125 editis,

279 1152 359 1221 Quae
382 1169 458 1208 nunc
480 1151 578 1208 sidera
600 1152 689 1208 lucidi

322 1247 402 1303 Inter
424 1246 505 1302 clara
525 1246 585 1316 poli
606 1244 712 1303 nobihs
736 1245 850 1302 emicat.

278 1341 322 1397 Tu
345 1341 445 1396 tristes
469 1340 557 1396 animi
579 1345 664 1411 potes

323 1434 415 1492 Cures
437 1434 554 1505 pellere,
580 1439 611 1490 tu
634 1435 717 1491 dulce
741 1433 912 1491 sonantibus

280 1530 394 1598 h'crvis
419 1533 452 1586 ut
474 1545 550 1586 nova
572 1529 679 1600 gaudia

321 1623 437 1682 Montes
462 1623 628 1695 concipiant
651 1622 803 1693 sollicitae,
826 1620 909 1680 facis,

280 1721 413 1776 Arcanos
437 1735 550 1791 quoque
572 1717 686 1788 pectori

320 1813 420 1870 Motus
444 1813 550 1880 induiS,
574 1817 606 1867 ut
628 1811 778 1867 Pieridum
801 1811 892 1867 sacris

278 1907 452 1964 Incumbens
475 1905 584 1962 habeat
605 1906 697 1976 magis

322 2002 423 2058 Musas
448 1999 623 2057 carminibus
646 1999 789 2070 propitias
813 1999 882 2055 suis.

280 2095 321 2152 Te
345 2096 474 2167 quamvis
498 2094 547 2151 alii
570 2094 657 2150 rudes

321 2189 474 2261 Spernant,
500 2188 596 2246 officio
621 2191 699 2245 laeta
720 2188 791 2244 mihi
815 2192 864 2244 tuo

278 2284 386 2355 Finges
409 2289 539 2355 pectora,
564 2288 595 2338 tu
618 2283 690 2340 meis

321 2376 419 2434 Stabis
442 2378 541 2434 iuncta
563 2376 645 2433 libris
668 2381 841 2448 perpetuum
865 2376 963 2432 decus.

349 2634 613 2706 Christophoro
638 2636 792 2693 Reineoo
816 2635 891 2693 oda.

276 2755 446 2814 Martinalia
468 2755 544 2813 festa
566 2757 624 2814 iam
647 2756 785 2813 redibunt

276 2850 377 2908 Caesis
400 2850 553 2908 anseribus
578 2850 700 2909 colenda
722 2850 815 2907 nobis.

276 2945 361 3002 Hunc
384 2962 496 3007 morem
519 2946 626 3002 veteris
649 2945 777 3016 probare
800 2945 873 3000 ritus

277 3039 332 3108 Qui
355 3057 413 3097 non
436 3040 552 3111 gaudet,
578 3045 627 3096 eat
650 3056 767 3096 severus
791 3039 838 3096 ille

275 3133 302 3190 A
326 3138 411 3190 coetu
433 3134 535 3204 procul
559 3133 759 3190 eruditiorum.

274 3226 336 3283 Nos
360 3232 440 3284 caste
462 3228 576 3298 lepidos
599 3229 680 3285 iocos
705 3245 834 3284 amamus

274 3323 319 3380 Ac
343 3323 475 3379 convivia
497 3322 602 3379 fabulis
626 3323 756 3380 honestis

275 3416 336 3473 Nos
360 3417 479 3474 condire
503 3418 636 3474 solemus
672 3417 751 3488 Ergo
777 3433 878 3473 cenam

275 3510 428 3582 Occidens²
452 3528 565 3582 procer,
591 3528 723 3568 anserem
747 3516 850 3582 parato

276 3605 317 3662 Et
340 3606 504 3677 spumantia
526 3610 621 3662 musta
643 3605 761 3676 praebe,
786 3622 859 3676 quae
881 3610 949 3677 post
