2476 4050
366 212 397 258 11.
428 209 636 254 snnnsrmnvs
653 207 862 253 sonnnnnnvs.
1061 195 1100 252 45

334 384 601 445 SEBASTIANVS
630 378 894 442 SCHEFFERVS.

312 508 361 564 Ile
389 523 511 564 novem
539 506 724 563 mulierum
750 505 915 577 pellibus

273 611 379 669 Sexum
401 609 557 668 femineum
579 608 655 682 fuge,

332 705 425 762 Pelles
448 702 604 762 femineum
628 720 733 775 eorpus
756 702 846 760 habet
867 719 980 760 novem,

272 799 364 857 Piscis
387 799 482 871 prima
505 804 600 856 cutem
623 797 714 856 refert

331 894 413 963 Eius,
438 893 485 966 qui
508 893 603 964 rigido
628 893 727 965 stipite
750 893 895 950 tunditur:

272 989 327 1045 Hie
351 1005 472 1060 quassus
496 988 586 1044 veluti
609 987 683 1057 silet,

333 1082 381 1140 Sia
402 1083 527 1154 primum
550 1083 654 1140 mulier
677 1099 763 1140 caesa
785 1081 949 1139 molestiam

273 1178 398 1234 Tristem
422 1177 544 1234 devorat
565 1177 675 1234 ictuum

333 1272 395 1329 Neo
418 1272 527 1342 rumpit
550 1272 669 1343 querula
691 1288 763 1329 voce
787 1271 942 1328 silentium.

272 1366 340 1422 Vrsi
362 1366 470 1423 dieitur
492 1366 593 1435 altera,

332 1459 412 1530 Quae
435 1461 552 1532 pulsata
575 1461 625 1518 din
647 1461 738 1518 multa
760 1465 963 1518 remurmurat..

272 1554 348 1611 Huie
370 1555 494 1611 vicinior
517 1555 628 1611 anseris

331 1648 400 1704 Est:
425 1664 510 1718 quam
534 1648 558 1703 si
581 1654 632 1704 tua
653 1649 757 1719 pugnis
781 1648 877 1705 rabies
900 1647 977 1717 ferit,

275 1740 409 1798 Confusis
432 1741 559 1799 blaterat
583 1742 662 1798 sonis

334 1836 532 1908 Obtunditquo
556 1836 610 1893 tibi
634 1853 719 1894 aures
742 1837 920 1895 muliercula.

275 1930 306 1988 si
328 1931 432 2002 pellem
456 1931 579 1988 similem
603 1931 682 1989 canis

332 2025 445 2083 Dextra
469 2027 637 2098 contigeris
662 2027 752 2084 latrat
773 2027 908 2099 iniquius.

274 2119 325 2176 Sin
347 2120 422 2176 hane
446 2137 501 2191 qua
524 2121 634 2192 tegitur
654 2121 747 2192 lepus,

334 2212 453 2270 Plantas
477 2214 601 2271 consulit
624 2220 653 2271 et
675 2214 846 2286 pestiferam
869 2215 944 2272 luem

275 2306 365 2379 Optat
387 2306 547 2365 visceribus
571 2309 637 2365 tuis.

334 2402 440 2460 Audax
462 2402 624 2474 insequeris
647 2404 699 2474 vir,
725 2404 836 2462 corium
858 2421 946 2463 manu

274 2497 314 2553 Et
337 2498 409 2555 dura
432 2497 523 2554 violas
548 2499 627 2569 equi:

333 2592 424 2649 Retro
448 2592 582 2650 calcitrat
605 2597 634 2650 et
655 2593 793 2650 verberat
816 2599 885 2651 aera

274 2686 371 2758 Teque
395 2687 498 2757 ipsum,
512 2687 581 2743 'nisi
604 2688 737 2756 cessoris

332 2780 465 2838 Adverso
490 2780 590 2837 cubitu
613 2782 748 2853 calceque
771 2783 906 2853 pereutit.

274 2874 377 2932 Pulses
400 2874 521 2930 ulterius
546 2878 641 2932 eutem

334 2968 427 3026 Folis:
450 2967 560 3025 viribus
584 2986 616 3026 os
639 2970 750 3027 involat
770 2971 800 3027 in
820 2976 901 3027 tuum

274 3062 357 3120 Totis
381 3068 411 3121 ot
432 3063 629 3120 miserabilem

334 3158 451 3215 Vultum
475 3159 641 3230 sanguineis
666 3159 778 3217 sauciat
800 3161 952 3233 unguibus.

275 3252 333 3321 Sin,
359 3264 429 3324 quas
454 3253 623 3324 suppeditat
645 3253 699 3310 tibi

335 3346 477 3418 Flagrans
500 3349 553 3417 ira,
578 3348 692 3405 suillam
715 3348 847 3407 trabibus
871 3352 966 3423 quatis

274 3440 391 3510 Pellem,
415 3442 541 3512 grunnit,
566 3447 598 3498 ut
620 3443 696 3500 illius

335 3535 387 3591 l'el
411 3551 512 3592 saxum
535 3536 670 3594 videatur
690 3538 888 3598 miserescere.

273 3629 318 3686 Tu
341 3646 412 3687 saxo
436 3647 548 3702 quoqne
573 3631 674 3689 durior
