2476 4050
171 199 208 256 16
384 207 403 252 1.
425 207 544 252 narnus
565 207 728 252 norronrvs
752 207 919 252 snovunvs

254 384 391 452 Cessab0,
417 383 510 441 donec
532 401 577 440 me
600 390 715 455 premat
737 388 801 441 atra
825 383 896 439 dies.

208 482 293 538 Nunc
315 481 377 537 sine
398 485 435 547 te,
451 485 605 550 postquam
621 479 777 535 iucundum
792 479 889 534 lumen
904 478 1072 550 ademptum
1089 485 1145 551 est,

252 577 292 632 Vt
314 591 387 646 vaga
409 574 542 630 nimboso
566 573 681 630 turbine
705 574 799 645 pinus,
824 589 904 643 agor.

212 673 288 728 Ante
311 686 392 726 meos
416 668 515 725 oculos
539 684 736 739 quaecumque
760 668 929 739 reliquimus
953 668 1076 725 haerent

167 785 194 826 50
251 765 292 821 Et
315 779 510 836 quaecumque
534 764 631 819 animo
655 768 741 834 grata
763 762 845 819 fuere
868 779 942 819 meo.

211 860 257 917 Sic
281 875 346 915 mea
368 857 416 912 lux
439 857 550 928 patrios
573 858 697 928 primum
719 874 765 913 me
789 857 923 922 duxitin
946 857 1057 925 hortos

253 954 301 1010 Sic
323 953 477 1009 lacrimans
499 950 630 1008 flammas
654 957 700 1008 est
721 952 792 1008 mini
814 951 895 1007 fassa
918 968 993 1008 suas.

210 1049 257 1106 Sic
281 1048 397 1120 gemuit,
423 1046 465 1103 sic
489 1047 566 1102 culta
588 1046 652 1114 fuit,
678 1047 720 1102 sic
744 1047 843 1103 oscula
866 1047 968 1114 iunxit,

254 1144 288 1200 In
311 1142 396 1198 viridi
420 1158 533 1197 mecum
556 1141 598 1197 sic
621 1142 763 1212 requierit
785 1141 881 1216 humo.

169 1257 196 1298 aa
212 1237 330 1294 Talibus
354 1240 440 1307 atque
464 1235 536 1303 aliis
562 1236 610 1306 qui
633 1252 725 1306 paene
749 1235 908 1306 resederat,
932 1234 1007 1306 ignis

254 1331 374 1398 Crescit,
400 1335 429 1387 et
452 1330 602 1386 admonitu
624 1328 732 1387 robora
756 1329 842 1386 sumit
864 1330 964 1386 Amor.

211 1427 269 1484 Sed
292 1431 390 1482 tamen
413 1430 463 1481 aut
486 1423 579 1492 fallor,
603 1425 707 1495 positis
731 1429 782 1481 aut
804 1428 935 1495 tempore
959 1425 1045 1493 curie,

254 1520 338 1590 Quod
361 1519 430 1576 mihi
453 1519 587 1590 promisit
609 1537 665 1575 vox
688 1524 747 1587 tua,
773 1535 859 1575 sanus
883 1536 942 1575 ero.

210 1617 297 1673 Vivat
320 1619 349 1672 et
372 1612 488 1684 abrupti
512 1630 629 1670 causam
653 1614 727 1670 sciat
750 1613 800 1670 illa
824 1613 943 1670 caloris:
998 1606 1001 1613 ’

168 1731 196 1772 oo
252 1711 320 1767 Non
341 1713 481 1766 revocant
502 1708 600 1779 lapsos
624 1709 713 1765 inrita
735 1713 804 1765 vota
827 1708 898 1764 dies.

210 1807 273 1862 lam
294 1804 366 1860 nihil
389 1807 434 1860 est
457 1807 550 1859 totum
574 1803 652 1874 quod
675 1804 842 1872 amavimus,
868 1803 965 1860 omnia
987 1819 1110 1874 mecum,

251 1900 290 1956 Di
314 1899 448 1970 quoniam
470 1897 568 1968 magni
591 1897 633 1952 sio
655 1897 781 1965 voluere,
807 1898 867 1954 tuli.

210 1993 294 2064 Quod
318 1997 459 2064 superest,
487 1996 604 2048 teneros
627 1990 741 2047 felicius
765 1992 863 2063 exigat
886 2009 985 2061 annos,

253 2088 348 2157 Vivat,
373 2092 402 2145 et
424 2085 539 2144 ardoris
562 2087 601 2143 sit
623 2086 726 2142 modus
749 2086 799 2143 illa
821 2087 892 2143 mei!

167 2203 195 2244 oa
210 2185 251 2240 At
273 2182 335 2250 tibi,
360 2182 408 2254 qui
431 2197 542 2238 mecum
564 2181 651 2252 longo
676 2181 859 2252 coniungeris
882 2199 945 2250 usu,

253 2277 366 2334 Dulcia·
380 2276 507 2346 coniugii
530 2276 644 2332 vincula
668 2280 768 2333 nectat
790 2275 918 2348 Hymen!

212 2372 348 2442 Quaeque
371 2371 527 2426 iuventutis
552 2375 618 2425 sunt
639 2371 770 2440 praemia
792 2371 905 2441 puriter
928 2377 1020 2441 actae,

253 2467 330 2522 Ante
353 2470 418 2521 tuos
441 2464 541 2520 videas
564 2464 686 2535 pignora
710 2469 790 2521 certa
812 2465 911 2536 pedes.

211 2560 260 2617 Mc
284 2559 378 2616 doctis
401 2559 528 2615 animum
551 2558 631 2614 iuvat
654 2559 810 2616 emomlare
833 2559 947 2630 libellis,

169 2674 197 2717 ro
256 2654 416 2712 Candidior
437 2653 538 2710 forsan
559 2654 710 2724 proximus
735 2671 826 2711 annus
850 2655 914 2711 erit.

255 2825 307 2882 Ad
329 2825 501 2883 Renatum
523 2825 700 2883 Henerum
722 2825 895 2882 medicum
919 2826 1043 2898 elegia.

212 2937 289 3007 Quid
311 2938 382 2994 mihi
404 2937 553 2994 vobiscum
577 2943 630 3006 est,
654 2938 823 2994 inconstans
847 2937 941 3007 turba,
966 2936 1100 3010 puellae?

255 3031 399 3102 Improbe,
424 3032 482 3088 iam
503 3030 582 3088 fesso
607 3033 676 3103 quid
699 3032 769 3088 mihi
792 3030 851 3101 fiet,
876 3030 988 3089 Amor?

214 3125 331 3183 Scilicet
353 3130 503 3182 aeternum
525 3126 549 3182 si
572 3143 631 3183 non
655 3144 708 3198 ego
732 3127 833 3183 vulnus
857 3126 1004 3198 haberem,

255 3220 373 3291 Imperii
395 3219 501 3277 fierent
522 3221 586 3277 iura
609 3221 723 3278 minora
745 3218 808 3277 tui?

184 3314 314 3384 aParce,
338 3332 451 3386 precor,
477 3332 563 3372 saevo
587 3316 725 3372 resolutis
749 3317 816 3387 igne
838 3315 985 3373 medullis!

256 3409 342 3466 Nuda
366 3409 435 3481 quid
457 3411 576 3467 immitis
601 3410 702 3467 condis
725 3411 754 3466 in
779 3427 847 3467 ossa
867 3408 968 3485 faces?

215 3504 263 3561 Sic
286 3521 339 3576 ego
363 3521 450 3575 saepe
475 3504 552 3561 leves
576 3503 678 3561 infelix
703 3505 845 3576 adloquor
867 3522 963 3574 auras

261 3599 352 3656 Inrita
375 3598 427 3655 sed
449 3585 541 3655 nubes
566 3599 664 3668 verba,
689 3599 811 3666 Renate,
836 3599 942 3656 ferunt.
