2476 4050
599 590 636 645 u.

417 726 583 786 incouvs
607 698 812 788 nicaenus.

168 853 368 924 Epicedion
391 856 424 913 in
449 857 581 914 obitum
605 857 796 916 Gertrudis
819 862 943 918 uxoris
967 880 1058 920 suac.

175 965 222 1021 Sic
245 966 334 1038 igitur
357 985 470 1037 saevae,
495 970 545 1038 sic,
571 987 587 1027 o
612 970 778 1028 dulcissima
802 973 934 1042 coniunx,

216 1062 294 1118 *inte
318 1080 400 1118 suurn
424 1063 534 1121 Parcae
558 1071 586 1122 te
610 1082 734 1136 rapuere
759 1063 855 1122 diem?

172 1155 235 1212 Nec
257 1160 308 1212 tua
330 1162 359 1214 te
381 1158 476 1228 pietas
499 1176 553 1216 nec
575 1165 620 1216 tot
642 1164 741 1217 texere
764 1160 890 1230 labores

217 1251 283 1307 Non
306 1268 388 1309 arnor
411 1258 440 1309 et
463 1260 545 1310 casto
568 1255 668 1311 iuncta
690 1255 801 1326 pudore
824 1254 907 1325 fides

144 1346 248 1414 adun
269 1347 372 1417 procul
394 1347 451 1404 heu
472 1349 569 1418 patria
592 1354 621 1405 et
643 1348 776 1406 flavent-is
799 1351 913 1422 gurgite
936 1351 1036 1408 Maeni

215 1440 346 1497 Externa
369 1440 455 1498 fieres
478 1440 574 1500 flebile
596 1443 682 1500 funus
706 1444 792 1501 hurno

174 1534 236 1590 Nec
259 1535 295 1591 de
318 1540 347 1590 te
371 1536 523 1607 quicquam
545 1542 671 1594 restaret
694 1555 779 1609 quam
801 1539 871 1595 levis
894 1539 1015 1596 urnbra

146 1617 150 1624 ’
218 1629 258 1684 Et
281 1629 353 1685 cinis
377 1635 406 1685 et
429 1630 528 1701 digitis
552 1647 619 1688 ossa
641 1632 766 1688 levanda
788 1632 890 1701 tribus

175 1725 254 1791 Quae
278 1729 391 1795 tegeret
413 1725 476 1781 vilis
499 1734 656 1797 properato
681 1727 790 1798 cespite
814 1726 898 1783 tellus

133 1835 159 1875 ro
217 1819 276 1874 Aut
300 1819 388 1875 etiam
410 1825 557 1890 premeret
578 1821 708 1891 pondere
731 1820 811 1878 laesa
833 1819 934 1893 gravi?

175 1912 292 1970 Scilicet
315 1914 370 1970 hoe
392 1916 500 1971 nostris
524 1915 627 1972 deerat
648 1921 716 1986 post
739 1921 837 1973 cetera
859 1915 937 1985 fatis,

215 2008 297 2065 Haeo
320 2007 423 2065 aberat
446 2026 573 2066 summae
598 2009 696 2066 debita
720 2027 789 2066 cura
811 2027 902 2079 meac,

174 2102 213 2157 Vt
234 2100 310 2158 facie
334 2103 413 2159 cuius
437 2103 560 2160 viventis
585 2109 615 2160 et
638 2120 688 2160 ore
711 2102 840 2173 fruebar,

215 2197 391 2269 Aspiceront
414 2197 490 2254 oculi
513 2214 617 2269 corpus
640 2198 725 2255 inane
748 2199 836 2274 mei„

131 2309 158 2350 15
174 2291 214 2348 Et
236 2291 338 2363 quibus
361 2293 424 2363 ipse
448 2291 501 2349 tibi
525 2292 658 2349 dextram
682 2293 848 2364 complexus
871 2293 993 2364 inhaesi,

217 2386 288 2443 Cum
311 2385 416 2444 fierent
438 2387 543 2444 taedae
565 2386 687 2444 foedera
710 2388 804 2458 prima
825 2405 926 2457 novae,

173 2481 226 2537 His
250 2487 301 2539 tua
324 2499 399 2538 nune
421 2481 553 2538 manibus
576 2488 705 2539 nraestus
728 2484 894 2554 gemituque
916 2483 1044 2554 repletus

216 2576 398 2648 Cordigerern
421 2577 498 2633 tristi
521 2576 629 2649 frigida
650 2577 781 2634 membra
804 2575 887 2634 solo?

172 2672 238 2727 Heu
260 2688 315 2740 me,
340 2671 388 2742 qui
410 2675 492 2728 tauto
515 2671 641 2741 produxi
664 2676 795 2742 tempore
818 2672 915 2740 vitani,

129 2784 157 2825 ao
215 2766 281 2822 Heu
304 2765 407 2837 spatiis
430 2771 512 2822 aetas
534 2765 681 2822 invidiosa
703 2765 779 2822 suist

173 2860 239 2916 Non
262 2860 351 2931 igitur
373 2860 497 2931 posthac
520 2865 625 2926 tecum,
649 2876 714 2916 nrea
737 2859 806 2928 vita,
831 2859 959 2916 sedendo

215 2954 340 3011 Solabor
361 2952 430 3010 fatis
454 2954 540 3011 anxia
563 2954 654 3011 corda
676 2951 768 3010 meis?

172 3050 238 3107 Non
260 3055 346 3106 notas
370 3048 471 3106 audire
495 3053 559 3106 tuas
584 3053 614 3106 et
636 3049 760 3106 reddere
784 3064 881 3118 roceo,

213 3145 279 3202 Non
303 3144 421 3201 dabitur
442 3144 537 3201 solitis
562 3144 652 3201 corda
674 3145 772 3201 levare
795 3143 889 3200 modis

128 3259 156 3300 aa
172 3241 253 3296 Inter
274 3238 417 3308 ludentes,
442 3237 592 3296 amborum
613 3238 745 3310 pignora,
769 3244 864 3305 natea,

216 3332 365 3405 Quotquot
386 3332 482 3391 adhuc
503 3333 630 3405 reliquos
653 3333 714 3390 vita
737 3337 885 3403 superstes
908 3329 1016 3389 habet?

173 3429 318 3486 Venturos
340 3427 430 3499 igitur
452 3443 525 3499 quae
548 3444 612 3484 sors
634 3427 705 3483 milri
727 3425 812 3483 finiat
834 3443 934 3494 armoe,

215 3522 331 3593 Quaeve
353 3526 470 3594 premat
491 3538 580 3591 canos
602 3537 691 3595 aegra
714 3526 833 3579 senecta
854 3517 957 3578 meos?

926 3633 961 3680 ,ἲς
