2476 4050
129 172 171 229 40
432 182 464 228 11.
485 181 615 228 neonus
637 182 797 228 urerrnvs

186 359 264 417 Vera
286 359 410 417 heminis
433 359 525 416 virtus
549 358 602 415 des
626 365 671 415 est
694 365 723 416 et
746 377 845 418 amore
868 359 1001 429 colenda,

131 472 171 514 tre
229 453 321 524 Quam
344 470 436 525 neque
459 455 502 510 vis
525 452 580 511 iati
601 470 655 510 nec
678 453 756 511 Ievis
779 455 824 511 ira
848 456 961 526 dornat;

185 548 291 606 Cetera
312 548 448 605 fortunae
471 549 559 606 variis
583 553 662 605 stant
685 549 771 606 ebria
794 550 860 607 telis

227 645 288 700 Aut
311 644 399 701 etiam
421 642 508 715 lenge
532 649 663 715 ternpore
686 644 764 701 sieta
787 645 907 716 eadunt3

185 738 242 795 Sed
265 743 363 795 tamen
385 737 458 795 haee
480 729 505 794 s‘i
528 738 591 810 quis
614 739 751 795 nonnulla
773 739 803 795 in
825 745 909 811 parte
932 740 1062 797 locanda

228 834 323 904 Atque
347 831 443 902 alique
466 833 560 890 laudis
583 833 699 890 nemine
723 834 811 905 digna
832 838 925 905 putat,

130 945 170 987 175
185 927 229 984 Tu
252 943 364 999 queque
389 944 473 999 quam
495 943 550 999 par
572 932 617 984 est
639 927 750 984 referes
773 928 830 985 hoe
845 929 962 986 neruine
977 929 1118 1000 laudern,

128 1024 131 1028 ⁴
230 1021 282 1078 Oui
305 1038 397 1093 neque
421 1022 476 1079 vile
499 1039 589 1093 genus
612 1039 666 1078 nee
688 1022 765 1080 mala
786 1021 881 1080 fenea
902 1022 965 1080 fuit.

187 1116 253 1172 Nun
276 1116 370 1173 vultus
395 1116 524 1174 Helenae
547 1133 602 1174 nee
625 1122 709 1174 erant
731 1117 785 1174 tibi
810 1134 933 1188 corpora
955 1118 1071 1189 Ledae,

230 1210 287 1268 Sed
309 1210 400 1268 facies
425 1211 538 1282 qualem
561 1212 696 1268 convenit
719 1229 783 1269 esse
806 1212 915 1284 probis,

187 1309 365 1378 Quamquam
390 1306 477 1362 etiarn
501 1304 574 1362 haee
596 1306 676 1362 tieito
704 1307 858 1364 nonnullus
886 1308 977 1364 traxit
1005 1325 1118 1368 amore

130 1419 172 1461 rae
231 1400 292 1458 Nee
315 1400 409 1458 caruit
433 1400 512 1456 cultu
533 1400 628 1471 prima
650 1401 769 1458 iuventa
792 1419 853 1458 sue.

187 1494 241 1552 Illa
263 1500 360 1551 autern
383 1495 497 1566 generis
522 1495 584 1567 quis
608 1496 702 1552 nescit
724 1497 842 1553 nornine
864 1497 964 1565 vestri,

230 1591 350 1661 Quaque
373 1588 429 1646 fuit
451 1595 545 1647 mater
566 1591 701 1661 praedita
724 1608 836 1663 queque
859 1597 952 1662 pater,

188 1687 251 1756 Qua
274 1701 358 1743 sacer
380 1685 526 1742 invehitur
548 1683 666 1742 flaventi
689 1686 803 1757 gurgite
826 1687 950 1743 Moenus

230 1780 270 1837 Et
292 1796 348 1853 qua
370 1780 480 1837 vieines
505 1778 575 1837 Cala
597 1786 730 1850 pererrat
752 1778 859 1852 agros?

77 1870 82 1878 ’
132 1894 173 1936 rsa
189 1878 318 1945 Quorum
340 1875 421 1942 haee,
447 1875 471 1930 si
493 1874 598 1945 priscis
622 1891 796 1944 componere
819 1880 921 1932 nestra
943 1875 1049 1934 licebit

231 1968 412 2037 Nominibus,
439 1968 534 2025 fertur
556 1969 673 2025 consule
696 1975 766 2025 nata
787 1976 885 2041 patre;

188 2064 272 2122 Alter
295 2064 409 2136 etipse
433 2062 517 2120 dates
540 2063 640 2135 pepuli
662 2064 789 2135 gestavit
811 2065 937 2121 honores

161 2184 164 2189 ·
229 2159 417 2231 Servavitque
441 2176 493 2216 suo
516 2159 581 2215 iura
603 2157 748 2231 fidemque
770 2158 845 2216 f0r0.

189 2254 257 2326 Ipsa
279 2270 401 2327 «proque,
430 2254 460 2310 in
482 2255 575 2310 lucem
598 2270 671 2325 quae
695 2259 723 2310 te
746 2254 833 2311 mede
857 2253 979 2325 pretulit
1002 2259 1117 2329 ertarr,

132 2368 174 2411 1eu
232 2348 332 2405 Patria
354 2347 485 2405 finitimis
509 2353 641 2418 praestat
663 2348 774 2406 honere
797 2348 883 2405 loeis:

190 2444 282 2513 Quam
304 2443 386 2499 iuxta
408 2442 529 2513 pulchre
553 2442 683 2499 decurrit
705 2442 823 2500 flumine
847 2442 980 2511 Moenus,

232 2538 272 2594 Et
294 2537 419 2595 predium
442 2536 519 2594 laete
543 2538 656 2609 gurgite
681 2538 775 2594 sulcat
797 2537 924 2594 humum.

191 2633 278 2689 Parte
301 2632 337 2690 ab
360 2636 483 2704 utraque
506 2637 608 2703 patent
630 2631 748 2690 fecundi
770 2630 902 2703 frugibus
926 2631 997 2704 agri,

234 2728 305 2785 Pars
329 2743 441 2800 quoque
465 2731 524 2784 stat
548 2726 631 2784 donis
656 2727 778 2796 cerisita,
802 2726 927 2795 Bacche,
952 2727 1019 2783 tuis,

133 2841 174 2884 rua
190 2826 267 2893 Quas
291 2822 359 2880 aliur
383 2826 476 2879 terras
499 2820 623 2894 profuge
648 2839 712 2878 euin
736 2821 857 2894 coniuge
880 2820 1007 2892 nympha

232 2917 401 2989 Progenies
425 2917 527 2985 tenuit,
554 2915 657 2973 Carole
681 2915 797 2988 Magne,
823 2921 881 2984 tua,

192 3013 264 3070 Ourn
286 3012 397 3083 patrias
420 3013 479 3068 iras
502 3017 624 3083 prepter
646 3011 810 3083 vetitosque
834 3011 1010 3081 hymenaeos

232 3108 324 3164 Exsul
346 3107 375 3163 in
398 3107 498 3176 ignote
522 3112 677 3178 ‹puaereret
700 3123 770 3163 arun
792 3106 869 3176 s0103

191 3206 254 3272 Qua
277 3202 382 3259 deinde
405 3202 532 3269 inventa,
558 3205 629 3257 nutu
652 3201 792 3258 redeunte
815 3205 947 3272 paterne,

133 3316 177 3357 artu
235 3297 340 3355 Felicis
364 3297 471 3354 meruit
493 3312 598 3353 nornen
621 3295 730 3353 habere
753 3296 843 3352 loeus.

190 3392 273 3449 Nurre
290 3408 403 3463 qrrrnpue
415 3391 523 3462 tenrpia
535 3396 661 3461 lnnneut,
676 3390 754 3447 sedis
767 3393 954 3447 monumenta
965 3391 1117 3462 vetustae,

234 3487 274 3543 rr.
298 3502 381 3542 saner
404 3486 523 3556 antiqua
546 3485 696 3556 relligione
720 3485 825 3541 chorus

191 3581 231 3638 Et
255 3582 336 3638 iuxta
359 3598 457 3638 rasurn
480 3580 641 3637 minitantis
664 3579 808 3651 fragmina
831 3577 905 3634 inuri
