2476 4050
133 174 171 233 32
238 185 258 231 1.
282 142 436 231 eooadrvs
458 185 599 230 rruuuvs.
647 186 757 230 rourls
779 186 989 234 ruavruuavs.

172 363 243 419 'l'uru
268 362 349 433 virgo
373 378 425 418 sua
449 367 529 417 sorta
551 360 648 417 ferens
673 362 724 419 dat
748 363 855 421 habero
880 364 999 434 carenti,

215 457 300 513 Serta
322 457 401 528 proci
426 455 552 526 propriis
576 455 705 526 applicat
729 458 793 529 ipsa
816 461 914 516 corais.

132 551 427 622 1oQuaer·it111·lriur,
453 549 530 620 ‹puod
555 550 593 604 sit
615 550 739 620 potioris
763 554 865 622 pignus
890 556 1005 623 ardoris,

216 647 331 702 Sortuur
354 662 391 701 au
414 644 491 715 quod
514 645 609 714 rapuit
634 645 746 716 quodve
770 648 864 716 puella
888 650 976 706 dedit.

512 831 716 838 ———

397 967 537 1026 TOBIAS
561 968 833 1027 ALEVTNERVS.

445 1098 496 1154 Ad
519 1097 777 1156 Clrarithciaur.

173 1206 196 1258 t)
221 1200 369 1258 (Jlrariteia
392 1217 474 1257 ureae
497 1217 563 1272 spes
588 1205 617 1257 et
639 1218 708 1272 pars
731 1202 857 1258 maxima
880 1203 964 1271 vitae,

216 1296 305 1368 Virgo
328 1295 465 1368 puellaris
488 1293 600 1367 flosque
625 1296 770 1368 decusque
793 1297 884 1365 chori,

175 1391 259 1460 Quod
282 1396 310 1446 te
334 1390 412 1461 ‹puod
434 1390 544 1446 nostris
567 1388 660 1447 fatum
685 1390 829 1447 subtraxit
853 1389 971 1448 ocellis?

216 1484 361 1554 Quaeris
384 1489 444 1541 taur
468 1481 587 1540 subito?
623 1485 699 1541 Num
722 1501 787 1542 mea
811 1483 913 1556 culpa?
943 1487 1048 1559 Negas.

144 1583 213 1640 aAt
236 1586 286 1636 tua
309 1575 413 1650 culpa?
436 1578 498 1636 Nec
524 1578 570 1634 id!
594 1578 656 1635 Nos
680 1579 741 1636 vult
763 1579 910 1637 immobile
934 1579 1024 1638 fatum

217 1674 347 1746 Corpore
371 1674 531 1731 disiunctos
555 1673 661 1741 rivere,
686 1679 783 1730 mente
806 1691 901 1745 paros

173 1770 252 1842 Ergo
275 1787 386 1826 memor
407 1769 501 1825 nostri
523 1784 588 1824 mea
611 1769 674 1824 vive
699 1768 871 1837 colurnbula,
895 1775 1026 1828 nostrum

217 1865 329 1936 Corpus
353 1863 445 1932 abest,
469 1878 609 1934 praesens
632 1878 713 1917 meus
737 1868 835 1919 tamen
857 1881 947 1936 usque
970 1865 1056 1922 mihi!

493 2032 546 2089 Ad
568 2031 733 2103 Hymeua.

172 2139 272 2196 Dulcis
296 2137 418 2208 Hymen,
444 2135 481 2192 da
497 2140 527 2192 te
549 2134 675 2204 facilem,
699 2151 835 2193 succurre
858 2139 989 2193 vocanti:

217 2234 259 2289 Mi
282 2248 354 2303 puer
376 2230 447 2287 heu!
477 2229 592 2300 Rapido
619 2234 713 2285 torret
736 2229 765 2285 io
789 2229 854 2300 igue
877 2231 965 2287 iecur.

173 2328 222 2384 lle
242 2326 337 2398 gravis
361 2325 419 2381 urit
443 2340 533 2392 arnor,
558 2340 614 2390 ine,
637 2323 742 2394 Erycis
759 2340 832 2395 quae
855 2326 988 2396 possidet
1010 2343 1108 2399 areca,

215 2421 355 2491 Exagitet
378 2418 490 2474 facibus
514 2418 581 2474 diva
603 2417 729 2489 maligna
753 2418 821 2475 suis.
1017 2415 1022 2423 '

145 2516 197 2577 50
221 2515 397 2586 Hymenaee,
422 2512 503 2568 veni!
538 2511 696 2568 Seductam
719 2529 736 2568 a
759 2519 852 2569 matre
875 2514 1008 2584 puellam,

218 2609 310 2679 Quam
333 2608 428 2679 cupio,
452 2607 481 2663 iu
504 2606 615 2678 gremio
638 2623 724 2678 pone,
750 2606 926 2679 Ilynrouaee‚
951 2608 1032 2666 meo!

516 2779 570 2834 Ad
592 2778 723 2834 Musas

174 2885 237 2955 Quo
260 2882 348 2950 feror,
372 2878 524 2938 Aonides?
555 2880 635 2950 Quae
659 2897 705 2936 rue
729 2881 874 2937 scatentia
896 2878 1002 2938 vertit?

216 2979 283 3036 Non
307 2977 395 3034 dubia
418 2976 493 3032 colui
516 2991 568 3031 ros
592 2991 645 3044 ego
668 2980 764 3030 moute
788 2976 877 3045 prius.

174 3077 214 3129 At
236 3089 311 3129 nunc
334 3088 379 3128 ruc
402 3069 545 3141 uyruplrae
570 3068 659 3123 decor
681 3067 861 3125 admirabilis
884 3070 951 3136 urit,

216 3166 266 3223 Me
290 3165 344 3222 sibi
368 3165 534 3222 devinctum
555 3160 679 3232 pulchra
701 3162 798 3231 puella
821 3168 909 3220 tenet.

145 3259 198 3319 so
222 3277 306 3316 saera
328 3277 363 3316 ue
388 3263 484 3315 vestro
508 3272 553 3312 rue
577 3254 733 3322 excludite,
757 3254 890 3326 Numina,
917 3257 1017 3314 coetu!

217 3354 371 3424 Promptus
395 3370 445 3410 ero
469 3350 551 3408 robis
576 3353 613 3418 et,
640 3346 798 3417 Clrariteia
824 3350 887 3407 tibi.

175 3447 234 3504 Vos
258 3464 370 3519 quoque
393 3447 486 3504 mollis
510 3460 594 3502 autor
617 3447 711 3510 vexat,
737 3443 885 3500 veniamur
908 3442 1065 3503 merebor?

217 3541 281 3599 Vna
303 3542 469 3613 irululgetis‚
495 3544 539 3597 sat
564 3537 634 3604 seio,
658 3551 730 3592 voce
753 3538 832 3594 milri.
