2476 4050
151 191 208 249 112
421 204 464 250 lx.
492 204 618 251 THOMAS
641 204 857 252 NAOGEOBGVS.

147 399 173 439 11
190 379 431 438 Cornmonstrabo
454 382 539 451 viam,
564 399 620 454 qua
642 383 813 441 nanciscere
837 384 943 455 cupita,

188 474 250 532 Nec
272 480 301 532 te
324 492 377 547 per
400 474 531 534 salebras
554 476 658 535 ducam
682 481 712 533 et
735 478 850 549 spineta
872 478 1009 536 tenellum

184 570 246 626 Nec
268 586 322 641 per
344 570 482 627 circuitus
507 571 633 642 celsique
656 571 779 628 acclivia
801 573 917 643 montis,

189 663 246 722 Sed
269 665 356 736 plana
378 664 514 737 facilique
538 665 594 734 via,
619 665 697 737 quod
719 665 792 723 velle
815 665 928 725 fateris.

187 759 262 816 Nam
285 764 352 816 sunt
375 765 434 816 tres
458 760 575 816 omnino
599 760 673 828 viae,
699 776 820 832 quarum
842 778 900 819 una
921 761 1032 820 laboris

143 875 171 914 66
188 854 346 910 Plurimum
368 853 466 923 habet,
491 854 620 926 reliquae
644 854 717 912 duro
742 871 863 913 caruere
885 855 996 915 labore.

187 948 325 1005 Primitus
350 965 365 1006 e
390 948 477 1006 caelis
501 949 596 1006 sancti
620 949 750 1007 didicere
773 950 936 1021 prophetae

187 1042 290 1101 Omnia
313 1044 460 1113 contiuuo,
485 1042 584 1100 divino
606 1049 763 1114 pneumate
786 1061 889 1116 nempe

184 1138 296 1210 Ingenii
319 1138 446 1195 studium
469 1144 556 1210 atque
580 1154 694 1195 omnem
717 1138 871 1209 supplente
893 1138 1035 1198 laborem.

185 1232 233 1290 Sic
256 1249 291 1289 ox
313 1232 439 1290 indoctis
462 1249 496 1289 ac
519 1232 716 1303 piscatoribus
740 1232 810 1289 olim

141 1347 169 1387 61
185 1327 311 1385 Caelesti
334 1325 406 1383 flatu
429 1326 526 1383 subito
550 1328 686 1384 6116111616
709 1327 851 1399 magistri,

184 1423 240 1490 Qui
261 1421 374 1492 linguas
397 1426 504 1477 norant
526 1437 626 1478 omnes
650 1422 805 1495 divinaque
829 1423 948 1494 scripta,

183 1515 317 1573 11111111
340 1521 384 1572 661
407 1515 462 1571 illis
487 1531 603 1587 operae,
626 1516 668 1572 nil
690 1533 811 1588 prorsus
836 1517 903 1574 olivi

182 1611 371 1681 insumptum.
408 1610 431 1668 Ο
456 1610 480 1666 61
504 1610 545 1667 616
566 1627 670 1682 posses
695 1611 820 1669 evadere
843 1629 964 1684 magnus

182 1705 222 1762 Et
243 1705 343 1764 mundi
367 1705 473 1762 doctor
494 1703 559 1762 fieri
581 1710 740 1778 pastorque
764 1711 894 1777 repente,

138 1818 167 1858 eo
183 1801 304 1870 Quando
328 1800 443 1872 quidem
467 1799 595 1856 studium
619 1800 708 1857 odisti
731 1799 905 1873 longumque
927 1800 1074 1876 laborem3

183 1896 289 1952 Verum
313 1895 396 1965 eheu,
420 1895 479 1950 iam
503 1894 582 1950 nulla
604 1893 690 1950 huius
715 1895 838 1966 vestigia
862 1896 943 1953 callis

181 1990 313 2059 Restant,
339 1994 367 2045 61
390 1989 475 2060 plane
497 1987 607 2060 frigent
630 1987 769 2046 caelestia
792 1988 886 2047 uobis.

181 2086 260 2158 Ergo
284 2085 383 2141 statim
406 2083 473 2140 huic
496 2081 575 2140 facili
597 2083 692 2155 longis
716 2083 887 2156 ambagibus
911 2086 987 2143 alter

178 2180 325 2237 Successit
347 2184 455 2236 trames
479 2179 557 2235 saxis
582 2184 611 2235 et
635 2177 765 2236 sentibus
789 2179 911 2237 horrens

136 2276 291 2335 66111111
314 2275 352 2331 61
375 2290 515 2330 summum
539 2277 608 2344 post
630 2277 764 2344 tempora
785 2274 873 2346 longa
897 2291 1036 2334 cacumen

180 2369 346 2425 Perducens
369 2368 494 2439 aliquos3
519 2367 625 2424 multos
649 2367 808 2425 absterruit
830 2385 917 2440 asper

180 2463 315 2521 Protinus
339 2467 424 2533 atque
447 2461 505 2518 alio
528 2478 660 2531 gressum
683 2462 807 2519 vertisse
831 2464 934 2536 coegit.

178 2556 315 2616 Nonnulli
337 2554 433 2613 medio
457 2571 473 2611 e
497 2571 583 2612 cursu
605 2553 707 2626 fugere
731 2561 891 2615 retrorsum

178 2654 217 2711 Et
240 2653 340 2726 quovis
362 2651 460 2724 potius
484 2655 650 2708 statuerunt
671 2649 714 2708 ire
741 2651 879 2709 locorum.

134 2748 352 2810 16161111611116
375 2763 494 2805 emenso
517 2745 613 2819 spat-io
638 2746 780 2818 vertigine
803 2748 920 2818 quidam

176 2844 296 2915 Delapsi
318 2843 413 2900 dumis
436 2841 571 2913 saxisque
594 2841 717 2898 haesere
740 2841 909 2914 propinquis

176 2940 236 2995 Aut
258 2937 296 2995 ad
319 2937 447 2995 radicem
470 2952 575 3007 magna
599 2935 732 2992 cecidere
755 2936 847 2992 ruina.

175 3033 258 3090 Hanc
281 3030 426 3104 quondam
448 3030 543 3100 ignari
566 3046 663 3086 rerum
687 3030 824 3102 caecique
846 3037 983 3102 parentes

175 3127 377 3184 Monstravere
401 3125 476 3181 viam
499 3129 530 3180 et
552 3129 726 3194 carpserunt
749 3125 863 3182 naviter
884 3126 950 3198 ipsi,

131 3243 159 3283 11
174 3221 298 3279 Multum
322 3217 494 3290 adfligentes
519 3218 652 3290 septenis
676 3218 788 3276 artibus
812 3225 894 3277 etse

174 3320 269 3389 Atque
292 3314 365 3372 alios
387 3311 671 3384 ferulisquemanus
694 3319 725 3370 et
747 3330 872 3384 corpora
895 3315 1007 3375 1611166.

175 3412 249 3482 Quin
272 3410 360 3468 etiam
382 3413 515 3466 veterum
538 3406 714 3464 studuerunt
736 3424 822 3466 nosse
846 3410 1003 3480 sophorum

173 3507 326 3579 Dogmata,
349 3502 527 3575 praesertim
549 3501 678 3572 linguam
702 3502 808 3561 callere
830 3503 975 3573 Latinam,

172 3586 318 3660 letoras
342 3597 484 3671 evoluisse
508 3613 608 3654 ourues
632 3595 795 3669 doctosque
817 3604 920 3669 poetas
