2476 4050
157 183 197 243 28
415 197 435 242 1.
458 198 632 244 easeoruvs
654 200 866 246 sensuimus

382 372 605 432 GREGORIVS
628 375 904 434 BERSMANNVS.

531 495 571 551 In
593 495 759 566 Mopsum.

194 592 311 654 Vernos
334 613 385 655 ore
409 615 512 670 gerens
535 597 624 657 flores
648 600 795 671 oculisque
817 617 969 671 pyropum,

240 690 302 750 Lao
324 692 462 762 humeris,
486 709 615 751 marmor
636 698 765 765 pectore,
791 693 863 750 ebur
885 692 1027 763 nianibuS,

198 785 264 843 Heu
288 787 390 859 scelus,
414 788 480 857 heu,
505 788 611 859 Mopso
636 789 762 845 dednota
785 795 829 845 est
851 789 924 846 Nisa
945 790 1061 860 marito,

243 880 342 951 Qualis
365 882 513 953 tardipedi
537 882 645 955 Cypria
666 888 758 955 nupta
781 883 844 940 deo.

169 974 301 1035 elnfelix
323 977 404 1049 virgo
428 978 520 1050 magis
544 995 581 1034 an
603 978 678 1034 male
700 977 840 1049 providus
863 978 919 1035 iste
943 975 1008 1035 est?

242 1070 347 1129 Infelix
369 1073 451 1145 virgo
475 1078 529 1141 est,
553 1068 692 1144 providus
716 1073 772 1129 iste
794 1072 910 1143 parum!

534 1243 573 1299 In
596 1243 752 1300 eundem.

303 1345 326 1403 O
350 1345 459 1403 faotum
482 1346 641 1416 inlepidum
664 1345 871 1418 nefariumque,

301 1440 435 1511 Dignum,
461 1441 568 1508 Mome,
594 1445 644 1497 tua
667 1441 875 1498 aemulatione!

302 1534 424 1604 DenteS,
447 1535 537 1604 Zoile,
563 1535 672 1607 stringe
695 1536 872 1606 periieaoeS,

303 1629 426 1687 Factum
449 1635 494 1687 ost
516 1630 676 1701 inlepidum
698 1629 906 1702 nefarimnque.

370 1725 503 1797 Namque
527 1725 576 1781 illa
600 1725 726 1782 aureolis
748 1725 844 1796 puella
866 1724 965 1794 labris,

301 1820 355 1876 illa
377 1818 548 1876 flammeolis
571 1820 668 1890 puella
691 1820 799 1887 ocellis,

300 1914 464 1970 Delicatior
486 1913 611 1970 haedulo
633 1914 775 1980 bimestri,

303 2007 409 2079 Mopso
432 2008 505 2064 Nisa
529 2007 622 2076 datur,
647 2007 744 2078 puella
766 2007 871 2078 Mopso

301 2102 493 2159 Adservanda
516 2119 599 2174 mage
622 2102 730 2159 Indicis
753 2102 867 2173 lapillis.

364 2196 444 2268 Ergo
468 2202 528 2255 tam
550 2196 628 2254 bona
650 2197 776 2253 rusticus
799 2196 905 2253 labella

303 2290 453 2348 Mordebit
475 2292 610 2362 roseique
633 2296 735 2347 nectar
758 2292 817 2347 oris

301 2385 453 2441 Immurulo
476 2385 592 2441 hauriet
614 2384 763 2455 improbus
786 2382 948 2442 barat-hro?

301 2480 381 2551 Ergo
405 2484 466 2536 tam
489 2483 605 2535 teneras
628 2495 715 2535 manu
737 2479 859 2550 papillas

301 2573 455 2632 Tractabit
477 2574 647 2644 niveumque
671 2573 846 2644 prensitabit

303 2669 418 2736 Pectus,
437 2668 567 2725 lacteolo
591 2668 621 2724 in
644 2668 708 2724 sinu
730 2666 865 2726 refusus?

365 2762 441 2832 nuto
463 2762 543 2819 lusus
566 2761 691 2820 referam
715 2763 880 2832 salacioreS,

304 2857 380 2928 Quin
404 2857 530 2928 suspiria
553 2863 653 2914 mutua
676 2863 705 2914 et
727 2857 883 2914 cachinnos

302 2952 342 3011 llt
365 2953 443 3008 rixas
467 2952 583 3021 hilares
608 2953 699 3019 iooos,
724 2949 839 3007 duella?

365 3047 388 3104 0
413 3045 521 3102 factum
543 3046 703 3116 inlepidum
725 3045 939 3117 nefariumque!

515 3215 568 3271 Ad
591 3220 765 3271 Amorem.

197 3318 274 3393 Quid
296 3334 341 3374 mo
365 3312 456 3385 ongis,
481 3312 582 3378 Amor,
606 3308 717 3365 frustra
740 3325 859 3378 sperare
883 3308 1038 3380 dolentem,

241 3412 325 3485 Quod
348 3408 418 3467 mihi
443 3406 510 3464 dum
533 3404 626 3461 vivam
650 3419 707 3460 non
730 3401 806 3458 feret
828 3402 886 3460 nlla
909 3401 991 3460 dies?

198 3508 256 3571 Sed
280 3522 398 3579 sperare
422 3503 510 3569 iuvat,
535 3498 587 3556 sed
611 3514 669 3554 non
691 3497 770 3552 iuvat
794 3513 884 3568 usquo
908 3497 1017 3569 dolero,

243 3605 313 3677 Spes
338 3606 403 3659 ruta
426 3598 472 3667 sit,
497 3596 582 3666 longe
606 3609 673 3648 mox
697 3591 781 3647 dolor
804 3592 895 3647 nuruis
919 3592 985 3648 erit.

754 3754 878 3812 Ᾰ
