2476 4050
139 198 176 254 14
353 206 372 251 1.
394 203 512 248 rannus
534 203 698 248 nonianus
721 203 885 248 sncvnnss.

215 384 238 441 Ο
264 386 350 453 caput
374 381 518 438 aerumnis
544 397 632 450 saepe
655 379 741 437 fidele
765 380 850 437 meis!

173 479 216 536 Tu
240 476 326 534 niodo
349 480 520 547 praesentes
544 473 664 543 inei-bis,
690 473 791 545 quibus
816 474 916 543 uteris
941 473 1049 532 herbas

130 594 158 636 50
218 571 345 642 Conligis
370 575 400 626 et
422 585 524 626 suecos
549 568 668 625 conficis
691 569 759 625 inde
784 586 866 640 su0s;

173 668 212 725 Et
236 665 322 723 inodo
346 669 497 735 pasterum
520 663 605 720 viridi
629 664 750 720 euriviua
773 663 825 720 sub
848 661 951 719 umbra

171 817 176 826 ,
218 759 353 818 Coneinis
378 758 488 829 argutis
512 774 627 814 carmen
651 763 767 828 agreste
790 757 898 829 niudis,

174 859 291 914 Interea
314 853 417 926 gelidis
440 853 470 908 in
492 852 615 909 vallibus
639 869 710 909 aura
733 856 872 920 susurrat,

216 949 302 1006 Lenit
326 952 355 1004 et
378 947 498 1004 ardores
523 947 641 1017 spiritus
666 947 712 1003 ille
736 951 810 1003 tues.

130 1066 158 1108 aa
174 1045 265 1112 Felix,
291 1043 339 1114 qui
361 1041 461 1098 molles
486 1041 578 1097 trahis
602 1040 718 1097 abditus
741 1041 846 1098 arbore
870 1057 996 1109 somnos,

216 1140 294 1209 Quos
318 1138 381 1194 leve
405 1135 540 1192 conciliat
563 1153 692 1191 rnurrnur
715 1137 809 1192 euntis
832 1151 933 1207 aquae.

173 1236 222 1292 llle
246 1233 342 1289 Venus
365 1230 484 1286 incertis
508 1230 567 1300 agit
589 1230 747 1301 irnperiasa
769 1230 913 1301 procellis,

215 1327 256 1384 Vt
276 1326 353 1396 rapit
376 1324 527 1380 instabiles
550 1329 648 1381 aestus
675 1325 704 1381 111
727 1325 787 1381 alta
809 1331 897 1381 ratas.

174 1424 249 1481 llinc
273 1426 326 1489 est,
352 1419 429 1490 quenl
452 1419 543 1474 duleis
567 1435 620 1475 nec
644 1436 731 1490 carpo
756 1419 833 1476 doira
856 1420 990 1476 iuventae

130 1539 158 1581 00
215 1517 263 1573 Ex
285 1514 386 1571 humili
408 1530 461 1569 ure
485 1529 529 1569 1110
554 1514 680 1570 0111111110
704 1514 790 1570 Musa
812 1515 899 1571 levat.

174 1612 250 1682 Quin
271 1610 351 1682 prius
374 1609 404 1663 in
426 1625 562 1664 numerus
586 1607 686 1664 faciles
710 1625 783 1680 quae
807 1613 909 1679 sponte
932 1607 1076 1680 fluebant,

216 1705 273 1761 Vix
296 1707 401 1761 coeunt
424 1703 508 1758 iustis
532 1702 621 1759 rerba
644 1708 747 1759 eoaeta
769 1703 872 1760 modis.

173 1802 240 1858 b'on
263 1805 361 1855 tannen
383 1797 527 1868 indignor,
553 1798 645 1853 nierui
670 1814 782 1870 qunque
804 1795 890 1867 forte,
916 1798 968 1855 sed
990 1801 1059 1872 angi

216 1895 284 1951 Non
307 1891 399 1948 marui
423 1892 513 1947 tantis
536 1908 589 1948 nec
613 1892 674 1947 sine
696 1891 754 1948 fine
777 1893 869 1949 malis.

121 2003 160 2051 'aa
174 1990 243 2047 b'on
265 2004 319 2058 ego
344 1991 381 2054 te,
406 2001 472 2042 niea
494 1986 551 2054 lux,
577 1985 728 2056 dereptam
750 1985 854 2044 frande
878 1987 988 2059 reliqui,

215 2082 282 2139 Non
305 2080 429 2152 spolium
452 2085 537 2150 rapto
561 2085 645 2151 turpe
669 2081 780 2151 pudore
804 2083 865 2138 tuli.

172 2179 211 2234 Di
233 2175 304 2233 mihi
327 2180 393 2232 sunt
417 2181 522 2232 testes:
547 2176 572 2230 si
594 2175 728 2244 mentior,
753 2193 880 2248 aequore
903 2181 986 2234 vasto

217 2271 332 2327 Obruar
355 2274 384 2325 et
406 2269 493 2325 mutis
517 2269 645 2340 piscibus
670 2286 737 2326 esea
759 2275 865 2328 natern.

174 2365 197 2424 O
222 2366 325 2422 saltem
347 2364 442 2433 pietas
466 2363 539 2419 baec
561 2364 655 2434 prosit
679 2369 709 2420 at
732 2365 833 2422 ultima
856 2382 972 2437 passum

131 2479 159 2520 70
217 2457 339 2516 Deferat
363 2458 392 2513 in
415 2462 517 2528 partus
541 2475 586 2514 nie
611 2457 756 2529 Cytherea
780 2460 862 2517 suos!

336 2628 388 2685 Au
411 2629 578 2685 loannein
601 2629 749 2702 Hagiuin
772 2632 898 2703 alagia.

174 2740 305 2810 Quaeris,
328 2740 416 2811 longa
439 2756 518 2797 meus
542 2740 670 2812 nunquid
693 2741 740 2798 via
763 2747 907 2815 temperet
921 2745 1003 2817 ignes

216 2836 278 2892 Aut
301 2834 370 2906 quid
393 2834 488 2891 adbuc
512 2835 591 2891 saevi
614 2835 696 2892 niiles
719 2838 837 2894 Amoris
861 2855 953 2911 again,

175 2930 393 3001 Absentemque
416 2928 508 2986 refers
533 2931 664 2986 corisumi
687 2929 755 2988 tabe
778 2933 904 3003 puellam

217 3023 368 3095 Multaque
391 3022 526 3080 fortunae
552 3024 587 3080 de
609 3024 728 3082 levitate
752 3029 843 3098 queri.

146 3117 313 3178 sProtinus
336 3122 369 3172 ut
390 3117 456 3188 legi,
483 3116 625 3174 calefacta
647 3136 700 3190 per
723 3137 790 3177 ossa
815 3125 950 3195 cucurrit,
1001 3114 1004 3119 ’

218 3210 333 3282 Sparsit
356 3215 386 3268 et
408 3212 549 3268 attonitas
573 3210 689 3270 1111111111
711 3215 818 3273 rubera
841 3235 939 3289 genae.

175 3305 247 3363 Sunt
272 3305 360 3362 etiam
382 3306 519 3363 lacrimae
544 3303 623 3383 (nani
645 3326 715 3366 vera
737 3309 864 3378 fatebor)
888 3312 1020 3384 obortae,

217 3399 378 3456 Admonitu
402 3401 536 3458 dominae
561 3419 611 3458 001·
634 3404 704 3460 1111111
727 3406 812 3463 1110110
835 3407 899 3464 fuit

173 3494 241 3551 Non
264 3494 414 3566 quisquam
437 3496 556 3552 meliora
579 3496 637 3553 lide
660 3497 704 3572 (tu
727 3499 823 3577 testis)
846 3503 961 3572 amavit,

136 3608 164 3650 10
223 3588 295 3646 Cum
318 3606 391 3646 11011
415 3608 460 3648 nie
477 3590 598 3647 l'eiieris
622 3593 700 3648 arisit
723 3595 753 3650 in
776 3612 855 3654 arnna
879 3615 960 3668 puer.
