2476 4050
376 221 414 268 VI.
442 223 598 267 Maxumas
621 223 762 269 BERGIVS.

362 441 567 498 MATTHIAS
589 441 769 499 BERGIVS.

430 577 539 635 Navis
564 576 708 635 Christi.

188 697 211 754 O
235 697 325 765 navis,
351 696 499 754 dominum
522 714 594 769 quae
619 698 699 755 vehis
724 704 752 755 et
775 716 890 756 manum

183 792 250 850 Non
273 808 415 862 magnam,
442 792 559 849 domino
584 810 657 863 (puae
681 811 733 851 sna
755 794 922 864 posthabet,

229 886 313 942 Felix
336 891 422 957 atque
445 886 547 944 beata!

274 980 359 1037 Felix
383 997 398 1037 0
422 986 468 1038 tor
491 986 520 1037 et
543 981 681 1052 amplius!

90 1155 102 1165 ·
185 1134 269 1191 Felix
293 1151 365 1205 quae
388 1135 468 1191 voltis
492 1135 576 1204 huno,
603 1136 651 1207 qni
674 1136 750 1207 regit
773 1137 886 1193 onmia!

185 1229 270 1286 Felix
293 1246 366 1301 [puae
390 1229 478 1298 vehis
505 1247 575 1302 quos
598 1230 679 1287 Deus
702 1231 740 1287 ad
762 1230 840 1287 bona

231 1324 324 1395 Regni
349 1324 494 1395 conligere
518 1325 596 1381 omni

274 1418 300 1474 E
324 1417 411 1475 turba
433 1419 523 1475 voluit
547 1419 603 1475 sui!

188 1574 228 1628 At
251 1569 338 1644 qnid?
384 1571 460 1640 outo
483 1578 580 1629 tamen
602 1572 676 1629 haee
700 1577 782 1629 vasta
805 1572 886 1628 vehit
909 1575 976 1631 novi

186 1663 377 1738 Tempestas?
423 1666 499 1735 Quin
522 1667 583 1738 agit
606 1672 704 1723 tantus
729 1683 820 1738 aquae
843 1665 946 1725 furor?

232 1760 307 1830 Quid
330 1766 442 1817 tantum
466 1767 564 1818 aestus
588 1778 694 1818 arenae

276 1856 338 1913 Imo
362 1871 398 1911 ex
421 1872 547 1927 aequore
571 1853 714 1912 suscitat?

186 2009 248 2066 Iam
270 2010 362 2066 malus
386 2010 474 2066 celeri
497 2009 641 2081 frangitur
664 2009 775 2080 Africa

186 2105 403 2176 Antemnaeqne
426 2110 544 2176 gemunt
567 2105 753 2175 imperiosius

225 2200 352 2270 Aequor,
377 2199 435 2255 iam
457 2198 533 2255 latus
556 2199 635 2255 nntla

276 2293 435 2364 Vtrumque
460 2299 617 2365 exsuperat
639 2311 735 2350 ruens.

187 2446 301 2504 Victrix
325 2447 417 2503 saevit
440 2446 541 2515 hiems,
567 2452 597 2503 et
620 2448 731 2504 tonitru
754 2447 837 2518 polus

186 2541 341 2599 Terrorem
362 2542 529 2613 ingeminat.
577 2541 647 2610 Quis
670 2547 754 2612 putet
778 2542 852 2613 eripi

234 2635 375 2705 Quassam
397 2652 484 2707 posse
506 2635 616 2707 perielo
640 2637 684 2692 in·

278 2731 382 2788 stantis
405 2729 551 2802 naufragii
573 2728 688 2787 ratem?

187 2883 271 2941 Felix
293 2889 325 2940 tu
348 2889 454 2953 tamen,
478 2884 555 2941 huno
577 2901 650 2956 quae
675 2884 766 2952 vehis
790 2885 821 2940 in
842 2900 929 2940 nranu

189 2977 277 3036 Cuius
300 2996 447 3035 murmura
470 2984 537 3035 sunt
560 2984 589 3035 et
612 2980 701 3035 maris
725 2984 754 3036 et
777 2978 845 3049 poli,

233 3072 295 3142 Quo
319 3074 475 3130 mandante
499 3074 649 3144 aquilones

277 3168 393 3224 Ponunt
415 3165 533 3224 flamina
555 3166 664 3240 frigidi.

93 3340 104 3353 ·
186 3321 331 3377 Nimirum
352 3320 407 3377 hos
430 3321 569 3392 strepitus
593 3322 739 3393 aequoris,
764 3322 816 3378 lras
840 3321 932 3377 minas

187 3415 357 3484 Ventorum,
381 3415 434 3472 has
458 3416 567 3473 hiemes
592 3417 716 3473 suscitat
739 3416 825 3473 int'ori

236 3509 428 3581 Nequiquam,
455 3510 530 3566 illius
555 3527 624 3582 ergo

277 3603 443 3675 Indignatio
466 3605 617 3676 principis,

122 3719 163 3752 lat.
177 3718 354 3751 manturanum.
367 3714 382 3748 7.
