2476 4050
141 220 160 264 1.
178 210 301 264 'Purars
315 218 479 263 norlcfflvs
494 219 659 264 SECVNDVS.
692 218 795 262 Buvuo
811 219 981 267 sumamus,
1010 206 1046 267 Ἡ

121 396 161 452 Et
185 395 414 466 ‹zorrsunguineas
438 395 515 452 dulci
538 413 603 451 cum
625 400 717 452 matre
740 396 851 466 puellas

165 490 324 562 Linquorct
347 506 364 546 a
387 490 501 560 templis
523 505 582 546 non
605 489 736 546 reditura
759 491 884 548 domum.

122 585 171 641 Mc
195 586 341 653 miserum,
364 590 506 655 poterone
529 585 590 655 pati
613 589 754 655 poterone
777 583 910 642 mederi?

165 679 233 736 Non
254 686 367 751 potero,
392 679 481 735 tantis
505 696 585 735 mens
609 684 707 751 stupet
730 696 818 752 aegra
841 681 934 737 rnalis.

80 793 109 834 55
125 774 200 842 Quid
223 790 281 831 non
304 773 487 842 carminibus,
513 773 582 845 quid
604 790 662 830 non
685 775 858 831 tentavimus
882 774 1003 833 herbis?

167 869 259 925 Inrita
281 869 323 924 vis
347 868 454 937 herbis,
480 884 597 924 carmen
619 869 704 925 inane
727 866 791 924 fnit.

124 965 190 1036 lpse
213 968 298 1035 pater
319 968 417 1019 ratum
440 962 516 1019 dulci
539 979 598 1020 non
620 964 719 1020 attulit
741 964 827 1021 ullam

165 1059 294 1116 Bochius
318 1057 441 1129 eloquio,
465 1074 523 1113 non
546 1059 707 1115 Amasaeus
732 1074 825 1129 opem.

124 1154 296 1226 Appennine
319 1152 382 1209 vale
406 1158 502 1223 tuque,
527 1169 543 1209 o
568 1151 733 1209 dulcissime
756 1170 851 1210 rerum

79 1269 109 1310 oo
168 1249 333 1320 Oornpatcr,
357 1248 410 1303 bas
434 1263 518 1303 curas
542 1251 571 1303 ct
594 1264 658 1304 mea
681 1247 787 1305 danma
809 1248 887 1305 leva!

122 1345 166 1401 Tu
189 1360 310 1416 quoque,
335 1358 386 1398 seu
409 1341 539 1398 Panorus
562 1342 672 1413 gaudes
696 1343 731 1399 de
755 1360 836 1400 more
860 1346 968 1414 vocari,

167 1439 269 1495 Amnis
293 1437 329 1494 ab
353 1437 440 1493 acriis
465 1442 528 1493 orte
552 1437 758 1505 cacuminibus,

124 1534 230 1591 Nobile
254 1550 304 1589 sou
326 1530 432 1587 flumen
456 1530 613 1588 Scultenna
635 1531 771 1589 libentius
795 1533 878 1589 audis

168 1628 225 1684 Seu
248 1626 447 1697 quodcumque
470 1626 549 1681 iurat
571 1642 677 1682 nomen
700 1626 817 1694 habero,
842 1627 920 1684 vale!

467 1811 671 1818 -Ἦ

377 1965 509 2023 BRVNO
534 1965 750 2024 SEIDELIVS.

380 2095 418 2151 Iu
441 2095 657 2152 testudinem
681 2096 757 2153 oda.

231 2200 366 2271 Quisquis
389 2199 447 2255 tela
471 2197 621 2268 Cupidinis

271 2293 418 2365 Expertus
441 2292 563 2349 Veneris
586 2293 705 2364 languet
727 2294 884 2366 amoribus

229 2389 305 2446 Voto
330 2404 382 2445 nec.
404 2386 511 2444 fruitur
533 2404 595 2456 suo,

271 2482 330 2540 Sed
354 2482 430 2539 curis
453 2483 549 2553 agitur
572 2499 624 2539 ocu
647 2484 720 2540 rotis
743 2484 879 2556 undiquc,

229 2580 320 2648 Quem
343 2594 459 2635 saevum
483 2593 562 2633 marc
585 2575 722 2634 fluctibus
887 2585 890 2590 “

271 2673 385 2730 Insanis
408 2672 525 2742 rapiens
548 2672 578 2726 in
601 2672 675 2728 vada
699 2673 837 2742 compulit

230 2768 269 2824 Et
293 2768 339 2839 qui
364 2767 461 2823 limine
484 2765 603 2836 pellitur

271 2863 297 2917 A
321 2877 399 2928 caro,
423 2859 516 2916 reteri
539 2865 653 2930 spretus
678 2861 814 2929 amasiae,

229 2954 388 3013 Iucundum
411 2959 495 3010 sonet
518 2953 564 3010 hic
587 2953 677 3010 melos

271 3048 448 3106 Corrcumam
472 3047 571 3117 dipitis
595 3048 754 3106 sollicitans
779 3050 891 3122 chelyn.

227 3143 298 3201 Mam
322 3143 431 3201 solacia
453 3143 586 3199 maximis

273 3238 356 3295 Curis
379 3238 515 3306 inveniet,
540 3243 661 3308 pectora
684 3239 803 3311 virginis
837 3222 839 3227 ¹

231 3332 364 3390 Offensac
388 3332 451 3389 lora
474 3332 593 3389 molliet.

272 3427 334 3484 Iros
357 3425 477 3484 flectcre
500 3427 617 3483 testudo
641 3444 744 3499 graves
766 3433 875 3500 potest.

85 3541 113 3582 ιτ»
232 3520 367 3593 Orpheae
391 3522 488 3577 sonitu
510 3522 591 3592 lyrae

271 3614 359 3673 Diras
383 3614 568 3687 obstupuisse
591 3615 768 3674 Eumenidas
792 3615 900 3689 ferunt,
