2476 4050
385 257 429 302 111.
453 254 629 301 NICODEMVS
651 254 864 303 FRISCHLINVS.
1075 242 1115 301 53

225 435 305 504 Quae
327 434 398 491 mihi
422 432 534 490 difficili
556 437 641 504 parta
663 432 764 490 labore
787 432 879 502 venia

181 530 224 587 Tu
249 546 313 586 cum
334 527 496 600 perfectum
518 544 620 599 posses
645 543 818 598 componere
846 541 971 596 carmen,
1043 523 1045 526 ’

139 644 167 685 ao
225 624 264 680 Vt
285 623 413 695 legerem
435 628 515 679 recte
539 628 608 679 tunc
630 622 701 679 mihi
725 638 794 679 cura
816 619 886 693 fuit;

183 704 317 790 Quosque
341 723 391 774 tuo
414 734 517 789 posses
540 717 650 774 imitari
673 717 729 774 rite
751 715 858 785 libelle,

224 813 371 869 Innumeri
393 816 475 869 vates
498 828 591 884 paene
613 811 695 868 fuere
719 810 781 868 tibi.

180 908 255 965 Nam
278 912 329 964 tua
351 906 488 964 materies
512 907 568 963 toti
590 906 743 964 notissima
765 905 872 963 mundo
926 896 927 900 ’

222 1003 312 1074 Inque
335 1006 489 1073 poetarum
511 999 612 1058 fabula
634 1001 705 1058 trita
728 1000 827 1057 choro.

135 1116 164 1158 25
178 1097 274 1154 Multa
297 1097 350 1154 scd
373 1101 403 1153 et
424 1095 507 1152 licuit
531 1112 595 1152 cum
617 1094 694 1152 fictis
716 1095 834 1152 nomina
856 1093 943 1151 rebus

224 1192 357 1263 Fingere,
383 1196 467 1248 erant
490 1191 578 1248 animi
601 1189 693 1248 libera
715 1189 799 1247 frena
821 1189 872 1245 tui.

179 1288 220 1343 At
243 1302 308 1343 mea
330 1286 467 1343 materies
491 1291 537 1343 est
558 1285 646 1343 rebus
668 1286 755 1356 plena
777 1283 901 1352 novatis,

222 1381 284 1438 Nec
306 1381 386 1452 prius
410 1380 466 1438 hoc
489 1381 639 1452 quisquam
663 1380 779 1437 tramite
802 1377 873 1436 fecit
894 1379 960 1436 iter.

178 1477 240 1533 Nec
262 1475 319 1532 fuit
340 1475 399 1532 ulla
421 1475 491 1532 mihi
516 1491 655 1532 concessa
677 1475 795 1532 licentia
818 1473 887 1541 vati,

136 1589 164 1630 eo
221 1569 321 1627 Verba
343 1569 396 1626 sed
418 1569 589 1626 historicam
610 1570 691 1626 iussa
713 1575 813 1625 tenere
837 1566 933 1625 fidem.

179 1666 226 1720 Au
248 1664 323 1721 levia
345 1664 418 1720 haec
443 1660 566 1720 credas?
600 1664 664 1734 Age
687 1661 827 1734 perbreve
850 1661 964 1732 respice
991 1666 1114 1731 tempus,

223 1758 286 1828 Quo
309 1758 394 1815 labor
415 1758 479 1815 hoo,
493 1758 610 1829 longum
633 1762 734 1814 noster
756 1757 851 1814 ararit
874 1772 955 1826 opus,

178 1853 229 1910 Bis
254 1853 316 1910 seni
340 1869 375 1909 ex
398 1852 447 1909 illo
470 1853 545 1925 lapsi
568 1858 635 1909 sunt
657 1857 789 1924 tempore
812 1867 935 1919 menses

151 1957 153 1961 ·
221 1946 293 2004 Cum
316 1947 435 2005 thalami
458 1947 514 2005 hoc
535 1946 620 2005 fieret
644 1947 815 2024 connubiale
840 1962 962 2004 sacrum.

134 2061 162 2102 35
178 2043 249 2099 Tres
272 2059 337 2100 mea
360 2041 504 2100 Germano
527 2041 671 2114 Latioque
695 2047 798 2099 ornata
822 2041 964 2098 cothurno

220 2135 359 2206 Abstulit,
384 2153 402 2193 a
424 2136 508 2208 Syrio
533 2142 629 2194 tracta
651 2137 786 2195 Rebecca
808 2136 880 2193 solo.

177 2229 234 2286 Est
255 2247 329 2286 unus
353 2230 459 2288 misero
482 2231 610 2302 ploranti
632 2230 694 2289 fata
718 2232 820 2288 colono

218 2324 259 2380 Et
281 2325 369 2382 variis
392 2325 497 2398 linguis
519 2326 745 2400 plebeculaeque
769 2325 863 2394 datus,

176 2419 251 2476 Nam
275 2420 371 2483 varios
393 2416 488 2492 pinxit
511 2423 663 2480 comoedia
684 2420 779 2479 libera
800 2436 905 2489 meree,

132 2532 160 2572 40
220 2513 338 2571 Plebeio
362 2515 461 2586 quales
486 2517 629 2574 cernimus
653 2534 717 2574 esse
741 2516 831 2589 gregi.

177 2606 310 2665 Comitiis
333 2626 407 2666 unus
432 2610 517 2668 datus
542 2617 595 2677 est,
621 2629 685 2668 cum
708 2609 835 2669 Caesare
858 2614 943 2681 rapto

218 2703 285 2774 lpse
310 2704 490 2776 Ratisponae
514 2705 573 2780 (res
598 2723 633 2763 ea
655 2704 737 2782 nota)
760 2704 810 2762 fui.

176 2797 306 2855 Maxima
328 2815 396 2870 pars
419 2800 524 2871 reliqui
547 2806 666 2858 tenerae
691 2817 831 2857 concessa
853 2800 988 2856 iuventae

217 2892 378 2963 Temporis,
404 2899 449 2951 est
472 2895 568 2966 operis
592 2912 666 2967 quae
688 2895 826 2967 polienda
848 2894 929 2952 meis.

129 3004 158 3045 lo
174 2984 264 3043 Binas
288 3004 401 3060 queque
425 2988 472 3046 die
497 3005 635 3047 consumo
659 2990 772 3047 naviter
794 2991 891 3058 heras,

215 3081 293 3138 Dum
316 3082 408 3140 doceo
433 3087 565 3141 tenerum
587 3083 711 3142 Romula
734 3085 823 3142 verba
845 3101 971 3157 gregem.

173 3176 257 3232 Nunc
280 3175 384 3235 Cicero
409 3184 453 3236 est
476 3178 609 3236 manibus
632 3181 741 3237 nestris
766 3181 922 3239 sumendus
946 3185 976 3238 ot
997 3181 1048 3238 illo

214 3270 358 3342 Deposito
381 3275 479 3345 magni
503 3273 637 3331 Caesaris
661 3274 732 3332 illud
756 3292 842 3348 opus3

173 3364 299 3423 Caesare
324 3367 370 3423 vix
392 3369 490 3439 posito
514 3374 565 3427 tua
587 3387 640 3427 nos
665 3371 777 3427 Aeneia
801 3376 938 3444 torquent

127 3477 156 3519 ao
214 3460 305 3516 Arma
327 3461 471 3518 iuventuti
493 3465 549 3521 rite
574 3465 706 3522 canenda
728 3481 819 3522 meae.

170 3554 286 3611 Dixerit
310 3555 365 3612 hoc
389 3557 492 3628 aliquis
516 3559 632 3616 modico
656 3558 743 3617 facile
767 3562 831 3617 esse
854 3566 970 3632 pactae,

212 3648 253 3706 At
275 3649 390 3707 iactura
413 3656 510 3709 tamen
533 3655 673 3726 temporis
696 3655 755 3712 ista
776 3654 848 3711 luitl
