2476 4050
210 217 252 262 VI.
282 215 377 261 SIMON
399 183 544 259 unumve.
589 213 784 258 VALENTINVS
807 214 1008 260 SGHREOKIVS.
1060 204 1098 261 77

124 414 153 455 1o
211 392 388 451 Debuerant
409 390 495 461 peplo
519 389 672 460 splendida
694 389 824 448 arembra
847 390 915 462 tegi.

170 489 248 558 Quid
270 486 354 554 facis,
379 481 500 541 infelix?
524 484 679 540 Mirabatur
701 485 813 555 proelia
835 484 937 554 forma,

214 582 282 640 Non
306 585 351 637 est
377 595 527 635 successus
551 579 608 634 ista
630 578 768 636 habitura
789 580 896 637 bonos!

171 677 266 747 Quam
290 675 365 732 malo
388 672 536 730 fortunam
559 673 658 729 miseri
681 673 795 730 vidistis
820 680 959 745 amantes

216 770 372 828 Debueras
396 768 446 824 isti
469 784 528 823 non
550 767 694 838 placuisse
718 769 789 825 viro.

127 885 156 928 15
172 866 283 924 Forma
305 868 392 920 nocet
416 862 523 929 inultis,
547 860 658 918 i'onnac
682 879 808 919 nocuere
832 864 945 934 puellis

216 959 334 1017 Scilicet
359 963 387 1013 et
413 956 486 1012 casti
510 956 614 1012 danrna
636 956 757 1026 pudoris
781 957 897 1014 babent.

354 1391 604 1449 l'ALENTINl'S
628 1391 883 1452 SCHRECKIVS.

127 1556 181 1613 De
206 1550 345 1622 nuptiis
369 1547 441 1604 filii
456 1546 521 1602 Dei
537 1516 703 1616 mysticis
720 1553 754 1602 et
770 1547 810 1604 do
826 1554 926 1608 reste
943 1552 1105 1622 nuptiali.

394 1666 518 1724 blattb.
542 1665 639 1722 ml
685 1666 850 1736 Hymnus.

382 1806 493 1863 Adeste
516 1821 591 1859 nunc
615 1804 652 1860 ad
674 1804 770 1875 regias

380 1899 522 1957 Caelestis
546 1899 613 1969 agni
635 1899 753 1970 nuptias

382 1996 414 2052 In
438 2010 515 2063 arce,
540 2010 610 2066 quas
633 1994 694 2064 poli
717 2011 768 2052 suo

381 2089 461 2147 Deus
484 2089 600 2160 paravit
621 2087 692 2145 filio.

447 2184 508 2241 Iam
531 2200 588 2239 vox
610 2183 810 2239 ministrorum
834 2189 932 2240 sonat:

381 2279 428 2337 En
451 2279 548 2335 omitia
571 2284 713 2348 apparata
736 2282 817 2349 sunt;

384 2374 498 2441 Venite,
526 2371 703 2443 nuptialibus

382 2468 494 2526 Adeste
517 2468 587 2523 laeti
610 2467 739 2538 garrdiisl

447 2561 506 2619 Scd
529 2562 585 2618 heu
608 2560 702 2618 rrofas!
737 2562 809 2618 Pars
834 2563 960 2620 maxirna

384 2657 541 2714 Hominum
564 2657 662 2713 venire
685 2656 813 2728 neglegit

382 2752 495 2824 Deique
518 2751 635 2807 nuntios
659 2751 741 2821 gravi

381 2847 498 2905 Scelere
520 2845 690 2901 innocentes
715 2849 826 2901 enecat.

447 2942 544 2998 Iratus
568 2956 637 3011 ergo
662 2955 722 3007 rex,
748 2939 791 2994 sni

384 3036 589 3106 Contemptum
611 3038 711 3090 atroce
735 3031 864 3091 vindicat

383 3131 532 3203 Supplicia
555 3130 584 3185 in
608 3126 751 3197 hostibus,
774 3128 855 3185 Deus

383 3227 522 3297 Aliosque
545 3225 575 3280 in
598 3223 669 3280 orbe
694 3226 845 3279 convocat.

447 3319 506 3377 Sed
527 3319 605 3375 inter
627 3317 769 3388 hospites
792 3315 851 3374 fide

384 3414 490 3473 Cassos
514 3412 682 3485 hypocritas
706 3410 788 3468 iubet

382 3508 509 3567 Extrudi
533 3507 570 3564 ad
592 3505 792 3577 inplacabiles

382 3604 460 3662 Ditis
484 3603 622 3660 tenebras
647 3600 768 3657 horridi.
