<?xml version="1.0" encoding="UTF-8"?>
<!DOCTYPE html PUBLIC "-//W3C//DTD XHTML 1.0 Transitional//EN"
    "http://www.w3.org/TR/xhtml1/DTD/xhtml1-transitional.dtd">
<html xmlns="http://www.w3.org/1999/xhtml" xml:lang="en" lang="en">
 <head>
  <title>
</title>
<meta http-equiv="Content-Type" content="text/html;charset=utf-8" />
  <meta name='ocr-system' content='tesseract 3.04.00' />
  <meta name='ocr-capabilities' content='ocr_page ocr_carea ocr_par ocr_line ocrx_word'/>
</head>
<body>
  <div class='ocr_page' id='page_1' title='image "./deutschelyriker01elligoog_0135.png"; bbox 0 0 2476 4050; ppageno 0'>
   <div class='ocr_carea' id='block_1_1' title="bbox 350 734 886 955">
    <p class='ocr_par' dir='ltr' id='par_1_1' title="bbox 350 734 886 955">
     <span class='ocr_line' id='line_1_1' title="bbox 572 734 652 790; baseline 0.013 -1"><span class='ocrx_word' id='word_1_1' title='bbox 572 734 652 790; x_wconf 71' lang='lat' dir='ltr'>rm.</span> 
     </span>
     <span class='ocr_line' id='line_1_2' title="bbox 350 895 886 955; baseline -0.004 -1"><span class='ocrx_word' id='word_1_2' title='bbox 350 897 524 955; x_wconf 76' lang='lat' dir='ltr'>IOANNES</span> <span class='ocrx_word' id='word_1_3' title='bbox 546 895 886 954; x_wconf 68' lang='lat' dir='ltr'>LarrERBacfflrs.</span> 
     </span>
    </p>
   </div>
   <div class='ocr_carea' id='block_1_2' title="bbox 264 1043 973 1115">
    <p class='ocr_par' dir='ltr' id='par_1_2' title="bbox 264 1043 973 1115">
     <span class='ocr_line' id='line_1_3' title="bbox 264 1043 973 1115; baseline 0 -14"><span class='ocrx_word' id='word_1_4' title='bbox 264 1044 434 1102; x_wconf 80' lang='lat' dir='ltr'>Merituri</span> <span class='ocrx_word' id='word_1_5' title='bbox 456 1049 574 1100; x_wconf 83' lang='lat' dir='ltr'>retum</span> <span class='ocrx_word' id='word_1_6' title='bbox 596 1061 659 1115; x_wconf 91' lang='lat' dir='ltr'>pro</span> <span class='ocrx_word' id='word_1_7' title='bbox 682 1044 799 1101; x_wconf 91' lang='lat' dir='ltr'>salute</span> <span class='ocrx_word' id='word_1_8' title='bbox 822 1043 973 1114; x_wconf 76' lang='lat' dir='ltr'>patriae.</span> 
     </span>
    </p>
   </div>
   <div class='ocr_carea' id='block_1_3' title="bbox 127 1171 1050 3606">
    <p class='ocr_par' dir='ltr' id='par_1_3' title="bbox 127 1171 1050 3606">
     <span class='ocr_line' id='line_1_4' title="bbox 172 1171 897 1245; baseline -0.007 -12"><span class='ocrx_word' id='word_1_9' title='bbox 172 1176 233 1232; x_wconf 88' lang='lat' dir='ltr'>Ceu</span> <span class='ocrx_word' id='word_1_10' title='bbox 257 1172 305 1245; x_wconf 90' lang='lat' dir='ltr'>qui</span> <span class='ocrx_word' id='word_1_11' title='bbox 328 1172 488 1228; x_wconf 87' lang='lat' dir='ltr'>eenduetos</span> <span class='ocrx_word' id='word_1_12' title='bbox 512 1171 655 1229; x_wconf 84' lang='lat' dir='ltr'>habitarit</span> <span class='ocrx_word' id='word_1_13' title='bbox 677 1171 754 1229; x_wconf 88' lang='lat' dir='ltr'>forto</span> <span class='ocrx_word' id='word_1_14' title='bbox 776 1177 897 1243; x_wconf 85' lang='lat' dir='ltr'>penates</span> 
     </span>
     <span class='ocr_line' id='line_1_5' title="bbox 215 1265 898 1338; baseline -0.004 -13"><span class='ocrx_word' id='word_1_15' title='bbox 215 1269 273 1325; x_wconf 86' lang='lat' dir='ltr'>Res</span> <span class='ocrx_word' id='word_1_16' title='bbox 295 1266 366 1338; x_wconf 83' lang='lat' dir='ltr'>legit</span> <span class='ocrx_word' id='word_1_17' title='bbox 388 1265 494 1323; x_wconf 82' lang='lat' dir='ltr'>inlatas</span> <span class='ocrx_word' id='word_1_18' title='bbox 517 1272 634 1338; x_wconf 91' lang='lat' dir='ltr'>tumque</span> <span class='ocrx_word' id='word_1_19' title='bbox 657 1267 765 1324; x_wconf 86' lang='lat' dir='ltr'>salutat</span> <span class='ocrx_word' id='word_1_20' title='bbox 787 1267 898 1334; x_wconf 89' lang='lat' dir='ltr'>herum,</span> 
     </span>
     <span class='ocr_line' id='line_1_6' title="bbox 171 1360 881 1433; baseline -0.006 -12"><span class='ocrx_word' id='word_1_21' title='bbox 171 1362 324 1433; x_wconf 84' lang='lat' dir='ltr'>Temporis</span> <span class='ocrx_word' id='word_1_22' title='bbox 348 1360 444 1432; x_wconf 74' lang='lat' dir='ltr'>exigui</span> <span class='ocrx_word' id='word_1_23' title='bbox 468 1361 510 1417; x_wconf 90' lang='lat' dir='ltr'>sie</span> <span class='ocrx_word' id='word_1_24' title='bbox 533 1361 641 1432; x_wconf 90' lang='lat' dir='ltr'>hospes</span> <span class='ocrx_word' id='word_1_25' title='bbox 665 1361 779 1433; x_wconf 77' lang='lat' dir='ltr'>conlige</span> <span class='ocrx_word' id='word_1_26' title='bbox 802 1377 881 1429; x_wconf 82' lang='lat' dir='ltr'>rasa,</span> 
     </span>
     <span class='ocr_line' id='line_1_7' title="bbox 216 1455 924 1527; baseline -0.003 -14"><span class='ocrx_word' id='word_1_27' title='bbox 216 1457 306 1514; x_wconf 85' lang='lat' dir='ltr'>Ost-ia</span> <span class='ocrx_word' id='word_1_28' title='bbox 321 1472 400 1512; x_wconf 91' lang='lat' dir='ltr'>mors</span> <span class='ocrx_word' id='word_1_29' title='bbox 422 1456 528 1525; x_wconf 88' lang='lat' dir='ltr'>pulsat,</span> <span class='ocrx_word' id='word_1_30' title='bbox 553 1455 720 1527; x_wconf 73' lang='lat' dir='ltr'>grandoque</span> <span class='ocrx_word' id='word_1_31' title='bbox 743 1460 838 1514; x_wconf 87' lang='lat' dir='ltr'>restat</span> <span class='ocrx_word' id='word_1_32' title='bbox 858 1456 924 1512; x_wconf 87' lang='lat' dir='ltr'>iter.</span> 
     </span>
     <span class='ocr_line' id='line_1_8' title="bbox 145 1548 997 1621; baseline -0.005 -10"><span class='ocrx_word' id='word_1_33' title='bbox 145 1552 272 1613; x_wconf 81' lang='lat' dir='ltr'>aAltrix</span> <span class='ocrx_word' id='word_1_34' title='bbox 295 1554 406 1619; x_wconf 87' lang='lat' dir='ltr'>nostra,</span> <span class='ocrx_word' id='word_1_35' title='bbox 430 1549 508 1606; x_wconf 86' lang='lat' dir='ltr'>vale!</span> <span class='ocrx_word' id='word_1_36' title='bbox 534 1548 613 1606; x_wconf 87' lang='lat' dir='ltr'>Caeli</span> <span class='ocrx_word' id='word_1_37' title='bbox 637 1548 809 1621; x_wconf 87' lang='lat' dir='ltr'>prefieisear</span> <span class='ocrx_word' id='word_1_38' title='bbox 830 1549 868 1607; x_wconf 92' lang='lat' dir='ltr'>ad</span> <span class='ocrx_word' id='word_1_39' title='bbox 891 1566 997 1617; x_wconf 82' lang='lat' dir='ltr'>arcem,</span> 
     </span>
     <span class='ocr_line' id='line_1_9' title="bbox 218 1644 835 1715; baseline -0.006 -13"><span class='ocrx_word' id='word_1_40' title='bbox 218 1646 273 1702; x_wconf 86' lang='lat' dir='ltr'>Est</span> <span class='ocrx_word' id='word_1_41' title='bbox 296 1644 346 1701; x_wconf 91' lang='lat' dir='ltr'>uhi</span> <span class='ocrx_word' id='word_1_42' title='bbox 370 1644 484 1701; x_wconf 77' lang='lat' dir='ltr'>delecto</span> <span class='ocrx_word' id='word_1_43' title='bbox 507 1644 619 1701; x_wconf 88' lang='lat' dir='ltr'>mansio</span> <span class='ocrx_word' id='word_1_44' title='bbox 643 1649 723 1701; x_wconf 90' lang='lat' dir='ltr'>certa</span> <span class='ocrx_word' id='word_1_45' title='bbox 745 1644 835 1715; x_wconf 78' lang='lat' dir='ltr'>gregi.</span> 
     </span>
     <span class='ocr_line' id='line_1_10' title="bbox 170 1738 966 1810; baseline -0.005 -13"><span class='ocrx_word' id='word_1_46' title='bbox 170 1740 280 1797; x_wconf 81' lang='lat' dir='ltr'>Misoia</span> <span class='ocrx_word' id='word_1_47' title='bbox 303 1738 395 1797; x_wconf 86' lang='lat' dir='ltr'>duleis</span> <span class='ocrx_word' id='word_1_48' title='bbox 419 1754 472 1795; x_wconf 85' lang='lat' dir='ltr'>ave</span> <span class='ocrx_word' id='word_1_49' title='bbox 496 1742 584 1810; x_wconf 86' lang='lat' dir='ltr'>eaput</span> <span class='ocrx_word' id='word_1_50' title='bbox 605 1739 683 1796; x_wconf 88' lang='lat' dir='ltr'>iuter</span> <span class='ocrx_word' id='word_1_51' title='bbox 704 1738 805 1796; x_wconf 88' lang='lat' dir='ltr'>nubila</span> <span class='ocrx_word' id='word_1_52' title='bbox 827 1738 966 1808; x_wconf 88' lang='lat' dir='ltr'>eeudeus,</span> 
     </span>
     <span class='ocr_line' id='line_1_11' title="bbox 216 1833 782 1906; baseline -0.002 -16"><span class='ocrx_word' id='word_1_53' title='bbox 216 1833 360 1891; x_wconf 84' lang='lat' dir='ltr'>Aeriferis</span> <span class='ocrx_word' id='word_1_54' title='bbox 383 1833 497 1904; x_wconf 80' lang='lat' dir='ltr'>pridem</span> <span class='ocrx_word' id='word_1_55' title='bbox 519 1833 675 1891; x_wconf 85' lang='lat' dir='ltr'>nobilitata</span> <span class='ocrx_word' id='word_1_56' title='bbox 697 1833 782 1906; x_wconf 69' lang='lat' dir='ltr'>iugis</span> 
     </span>
     <span class='ocr_line' id='line_1_12' title="bbox 171 1927 950 2001; baseline -0.005 -15"><span class='ocrx_word' id='word_1_57' title='bbox 171 1928 300 2001; x_wconf 74' lang='lat' dir='ltr'>Legibus</span> <span class='ocrx_word' id='word_1_58' title='bbox 324 1927 468 1985; x_wconf 81' lang='lat' dir='ltr'>excellens</span> <span class='ocrx_word' id='word_1_59' title='bbox 491 1928 680 2000; x_wconf 81' lang='lat' dir='ltr'>praelatoque</span> <span class='ocrx_word' id='word_1_60' title='bbox 703 1927 830 1985; x_wconf 88' lang='lat' dir='ltr'>fortibus</span> <span class='ocrx_word' id='word_1_61' title='bbox 854 1927 950 1996; x_wconf 87' lang='lat' dir='ltr'>armis,</span> 
     </span>
     <span class='ocr_line' id='line_1_13' title="bbox 127 2021 723 2094; baseline -0.007 -13"><span class='ocrx_word' id='word_1_62' title='bbox 127 2044 156 2086; x_wconf 76' lang='lat' dir='ltr'>ae</span> <span class='ocrx_word' id='word_1_63' title='bbox 216 2023 300 2080; x_wconf 81' lang='lat' dir='ltr'>Civili</span> <span class='ocrx_word' id='word_1_64' title='bbox 322 2022 439 2094; x_wconf 90' lang='lat' dir='ltr'>populo,</span> <span class='ocrx_word' id='word_1_65' title='bbox 464 2021 626 2090; x_wconf 84' lang='lat' dir='ltr'>fertilitate,</span> <span class='ocrx_word' id='word_1_66' title='bbox 651 2022 723 2079; x_wconf 84' lang='lat' dir='ltr'>situ!</span> 
     </span>
     <span class='ocr_line' id='line_1_14' title="bbox 171 2116 928 2187; baseline -0.005 -12"><span class='ocrx_word' id='word_1_67' title='bbox 171 2116 283 2175; x_wconf 82' lang='lat' dir='ltr'>Ausere</span> <span class='ocrx_word' id='word_1_68' title='bbox 307 2117 349 2173; x_wconf 90' lang='lat' dir='ltr'>nil</span> <span class='ocrx_word' id='word_1_69' title='bbox 370 2133 483 2174; x_wconf 88' lang='lat' dir='ltr'>meeum</span> <span class='ocrx_word' id='word_1_70' title='bbox 507 2117 542 2173; x_wconf 86' lang='lat' dir='ltr'>de</span> <span class='ocrx_word' id='word_1_71' title='bbox 566 2116 653 2174; x_wconf 85' lang='lat' dir='ltr'>rebus</span> <span class='ocrx_word' id='word_1_72' title='bbox 678 2117 786 2173; x_wconf 89' lang='lat' dir='ltr'>serinia</span> <span class='ocrx_word' id='word_1_73' title='bbox 808 2120 928 2187; x_wconf 88' lang='lat' dir='ltr'>praeter</span> 
     </span>
     <span class='ocr_line' id='line_1_15' title="bbox 218 2210 927 2284; baseline -0.004 -14"><span class='ocrx_word' id='word_1_74' title='bbox 218 2213 320 2281; x_wconf 86' lang='lat' dir='ltr'>Parva,</span> <span class='ocrx_word' id='word_1_75' title='bbox 345 2210 447 2284; x_wconf 90' lang='lat' dir='ltr'>quibus</span> <span class='ocrx_word' id='word_1_76' title='bbox 471 2210 617 2278; x_wconf 77' lang='lat' dir='ltr'>recubem,</span> <span class='ocrx_word' id='word_1_77' title='bbox 642 2211 810 2282; x_wconf 85' lang='lat' dir='ltr'>liuteehque</span> <span class='ocrx_word' id='word_1_78' title='bbox 834 2210 927 2282; x_wconf 78' lang='lat' dir='ltr'>sinus3</span> 
     </span>
     <span class='ocr_line' id='line_1_16' title="bbox 174 2304 1050 2380; baseline -0.002 -16"><span class='ocrx_word' id='word_1_79' title='bbox 174 2306 322 2380; x_wconf 83' lang='lat' dir='ltr'>Quidquid</span> <span class='ocrx_word' id='word_1_80' title='bbox 345 2307 375 2362; x_wconf 89' lang='lat' dir='ltr'>in</span> <span class='ocrx_word' id='word_1_81' title='bbox 398 2304 467 2363; x_wconf 92' lang='lat' dir='ltr'>erbe</span> <span class='ocrx_word' id='word_1_82' title='bbox 491 2323 586 2362; x_wconf 87' lang='lat' dir='ltr'>meum</span> <span class='ocrx_word' id='word_1_83' title='bbox 609 2305 757 2375; x_wconf 81' lang='lat' dir='ltr'>credebat,</span> <span class='ocrx_word' id='word_1_84' title='bbox 782 2305 922 2377; x_wconf 87' lang='lat' dir='ltr'>plurimus</span> <span class='ocrx_word' id='word_1_85' title='bbox 945 2306 1050 2363; x_wconf 87' lang='lat' dir='ltr'>haeres</span> 
     </span>
     <span class='ocr_line' id='line_1_17' title="bbox 215 2399 856 2472; baseline -0.005 -13"><span class='ocrx_word' id='word_1_86' title='bbox 215 2401 346 2472; x_wconf 67' lang='lat' dir='ltr'>Divitior,</span> <span class='ocrx_word' id='word_1_87' title='bbox 370 2407 403 2457; x_wconf 84' lang='lat' dir='ltr'>ut</span> <span class='ocrx_word' id='word_1_88' title='bbox 424 2399 469 2457; x_wconf 82' lang='lat' dir='ltr'>fas</span> <span class='ocrx_word' id='word_1_89' title='bbox 494 2406 547 2468; x_wconf 88' lang='lat' dir='ltr'>est,</span> <span class='ocrx_word' id='word_1_90' title='bbox 572 2401 651 2457; x_wconf 90' lang='lat' dir='ltr'>uerit</span> <span class='ocrx_word' id='word_1_91' title='bbox 674 2417 766 2472; x_wconf 86' lang='lat' dir='ltr'>eoque</span> <span class='ocrx_word' id='word_1_92' title='bbox 789 2400 856 2457; x_wconf 87' lang='lat' dir='ltr'>frui.</span> 
     </span>
     <span class='ocr_line' id='line_1_18' title="bbox 129 2495 977 2566; baseline -0.007 -8"><span class='ocrx_word' id='word_1_93' title='bbox 129 2496 318 2558; x_wconf 68' lang='lat' dir='ltr'>reconvenit</span> <span class='ocrx_word' id='word_1_94' title='bbox 340 2495 414 2552; x_wconf 88' lang='lat' dir='ltr'>hane</span> <span class='ocrx_word' id='word_1_95' title='bbox 438 2496 563 2553; x_wconf 87' lang='lat' dir='ltr'>animam</span> <span class='ocrx_word' id='word_1_96' title='bbox 585 2495 691 2553; x_wconf 84' lang='lat' dir='ltr'>factori</span> <span class='ocrx_word' id='word_1_97' title='bbox 714 2496 840 2553; x_wconf 86' lang='lat' dir='ltr'>reddere</span> <span class='ocrx_word' id='word_1_98' title='bbox 863 2512 977 2566; x_wconf 75' lang='lat' dir='ltr'>magno,</span> 
     </span>
     <span class='ocr_line' id='line_1_19' title="bbox 215 2590 870 2661; baseline -0.003 -14"><span class='ocrx_word' id='word_1_99' title='bbox 215 2591 249 2647; x_wconf 92' lang='lat' dir='ltr'>Iu</span> <span class='ocrx_word' id='word_1_100' title='bbox 272 2590 360 2647; x_wconf 86' lang='lat' dir='ltr'>viridi</span> <span class='ocrx_word' id='word_1_101' title='bbox 384 2606 489 2660; x_wconf 87' lang='lat' dir='ltr'>eorpus</span> <span class='ocrx_word' id='word_1_102' title='bbox 512 2596 596 2661; x_wconf 85' lang='lat' dir='ltr'>putre</span> <span class='ocrx_word' id='word_1_103' title='bbox 621 2591 751 2661; x_wconf 83' lang='lat' dir='ltr'>quiescat</span> <span class='ocrx_word' id='word_1_104' title='bbox 774 2590 870 2658; x_wconf 84' lang='lat' dir='ltr'>hume,</span> 
     </span>
     <span class='ocr_line' id='line_1_20' title="bbox 171 2683 924 2755; baseline -0.001 -14"><span class='ocrx_word' id='word_1_105' title='bbox 171 2685 356 2741; x_wconf 85' lang='lat' dir='ltr'>Exhaustum</span> <span class='ocrx_word' id='word_1_106' title='bbox 380 2685 465 2752; x_wconf 69' lang='lat' dir='ltr'>euris</span> <span class='ocrx_word' id='word_1_107' title='bbox 490 2684 678 2755; x_wconf 79' lang='lat' dir='ltr'>languoribus</span> <span class='ocrx_word' id='word_1_108' title='bbox 703 2689 790 2754; x_wconf 87' lang='lat' dir='ltr'>atque</span> <span class='ocrx_word' id='word_1_109' title='bbox 811 2683 924 2750; x_wconf 89' lang='lat' dir='ltr'>labore,</span> 
     </span>
     <span class='ocr_line' id='line_1_21' title="bbox 216 2778 980 2850; baseline -0.003 -15"><span class='ocrx_word' id='word_1_110' title='bbox 216 2779 308 2847; x_wconf 76' lang='lat' dir='ltr'>Quem</span> <span class='ocrx_word' id='word_1_111' title='bbox 330 2779 378 2836; x_wconf 82' lang='lat' dir='ltr'>lex</span> <span class='ocrx_word' id='word_1_112' title='bbox 400 2779 588 2850; x_wconf 73' lang='lat' dir='ltr'>primopoli,</span> <span class='ocrx_word' id='word_1_113' title='bbox 613 2796 698 2850; x_wconf 90' lang='lat' dir='ltr'>quem</span> <span class='ocrx_word' id='word_1_114' title='bbox 721 2779 866 2850; x_wconf 81' lang='lat' dir='ltr'>statioque</span> <span class='ocrx_word' id='word_1_115' title='bbox 890 2778 980 2834; x_wconf 86' lang='lat' dir='ltr'>dedit.</span> 
     </span>
     <span class='ocr_line' id='line_1_22' title="bbox 172 2872 951 2944; baseline -0.003 -14"><span class='ocrx_word' id='word_1_116' title='bbox 172 2874 214 2931; x_wconf 89' lang='lat' dir='ltr'>Te</span> <span class='ocrx_word' id='word_1_117' title='bbox 236 2890 325 2944; x_wconf 86' lang='lat' dir='ltr'>penes</span> <span class='ocrx_word' id='word_1_118' title='bbox 350 2891 386 2930; x_wconf 90' lang='lat' dir='ltr'>eu</span> <span class='ocrx_word' id='word_1_119' title='bbox 408 2872 503 2930; x_wconf 84' lang='lat' dir='ltr'>famae</span> <span class='ocrx_word' id='word_1_120' title='bbox 527 2874 641 2944; x_wconf 88' lang='lat' dir='ltr'>depeuo</span> <span class='ocrx_word' id='word_1_121' title='bbox 667 2873 777 2930; x_wconf 83' lang='lat' dir='ltr'>eiuctus</span> <span class='ocrx_word' id='word_1_122' title='bbox 803 2872 951 2941; x_wconf 84' lang='lat' dir='ltr'>honorem,</span> 
     </span>
     <span class='ocr_line' id='line_1_23' title="bbox 127 2967 852 3038; baseline -0.012 -8"><span class='ocrx_word' id='word_1_123' title='bbox 127 2989 158 3030; x_wconf 72' lang='lat' dir='ltr'>ae</span> <span class='ocrx_word' id='word_1_124' title='bbox 216 2967 326 3037; x_wconf 82' lang='lat' dir='ltr'>Patria,</span> <span class='ocrx_word' id='word_1_125' title='bbox 351 2973 382 3024; x_wconf 89' lang='lat' dir='ltr'>tu</span> <span class='ocrx_word' id='word_1_126' title='bbox 407 2984 507 3024; x_wconf 84' lang='lat' dir='ltr'>cursus</span> <span class='ocrx_word' id='word_1_127' title='bbox 531 2968 616 3024; x_wconf 87' lang='lat' dir='ltr'>testis</span> <span class='ocrx_word' id='word_1_128' title='bbox 641 2984 671 3024; x_wconf 89' lang='lat' dir='ltr'>es</span> <span class='ocrx_word' id='word_1_129' title='bbox 694 2968 759 3038; x_wconf 90' lang='lat' dir='ltr'>ipsa</span> <span class='ocrx_word' id='word_1_130' title='bbox 782 2967 852 3024; x_wconf 83' lang='lat' dir='ltr'>mei!</span> 
     </span>
     <span class='ocr_line' id='line_1_24' title="bbox 173 3059 975 3133; baseline -0.005 -13"><span class='ocrx_word' id='word_1_131' title='bbox 173 3062 273 3120; x_wconf 86' lang='lat' dir='ltr'>Rebus</span> <span class='ocrx_word' id='word_1_132' title='bbox 295 3062 326 3119; x_wconf 91' lang='lat' dir='ltr'>iu</span> <span class='ocrx_word' id='word_1_133' title='bbox 348 3063 494 3119; x_wconf 87' lang='lat' dir='ltr'>aethereis</span> <span class='ocrx_word' id='word_1_134' title='bbox 518 3062 598 3118; x_wconf 88' lang='lat' dir='ltr'>tenui</span> <span class='ocrx_word' id='word_1_135' title='bbox 623 3078 695 3133; x_wconf 87' lang='lat' dir='ltr'>quae</span> <span class='ocrx_word' id='word_1_136' title='bbox 720 3061 809 3118; x_wconf 89' lang='lat' dir='ltr'>eorde</span> <span class='ocrx_word' id='word_1_137' title='bbox 833 3059 975 3132; x_wconf 90' lang='lat' dir='ltr'>loquebar</span> 
     </span>
     <span class='ocr_line' id='line_1_25' title="bbox 216 3154 822 3228; baseline -0.003 -15"><span class='ocrx_word' id='word_1_138' title='bbox 216 3157 273 3213; x_wconf 91' lang='lat' dir='ltr'>Pro</span> <span class='ocrx_word' id='word_1_139' title='bbox 297 3154 415 3213; x_wconf 91' lang='lat' dir='ltr'>modulo</span> <span class='ocrx_word' id='word_1_140' title='bbox 439 3156 496 3213; x_wconf 93' lang='lat' dir='ltr'>iuri</span> <span class='ocrx_word' id='word_1_141' title='bbox 520 3156 698 3228; x_wconf 83' lang='lat' dir='ltr'>eeusilieque</span> <span class='ocrx_word' id='word_1_142' title='bbox 722 3156 822 3212; x_wconf 83' lang='lat' dir='ltr'>duces.-</span> 
     </span>
     <span class='ocr_line' id='line_1_26' title="bbox 172 3250 876 3319; baseline -0.004 -11"><span class='ocrx_word' id='word_1_143' title='bbox 172 3251 310 3308; x_wconf 80' lang='lat' dir='ltr'>Abstinui</span> <span class='ocrx_word' id='word_1_144' title='bbox 333 3251 441 3319; x_wconf 69' lang='lat' dir='ltr'>vetitis</span> <span class='ocrx_word' id='word_1_145' title='bbox 467 3251 542 3307; x_wconf 82' lang='lat' dir='ltr'>colui</span> <span class='ocrx_word' id='word_1_146' title='bbox 565 3250 713 3307; x_wconf 87' lang='lat' dir='ltr'>studiosus</span> <span class='ocrx_word' id='word_1_147' title='bbox 738 3267 876 3317; x_wconf 86' lang='lat' dir='ltr'>amorem,</span> 
     </span>
     <span class='ocr_line' id='line_1_27' title="bbox 213 3344 816 3417; baseline -0.003 -15"><span class='ocrx_word' id='word_1_148' title='bbox 213 3346 283 3404; x_wconf 84' lang='lat' dir='ltr'>Alta</span> <span class='ocrx_word' id='word_1_149' title='bbox 304 3346 389 3402; x_wconf 90' lang='lat' dir='ltr'>nimis</span> <span class='ocrx_word' id='word_1_150' title='bbox 412 3344 473 3417; x_wconf 83' lang='lat' dir='ltr'>fugi</span> <span class='ocrx_word' id='word_1_151' title='bbox 497 3345 600 3402; x_wconf 88' lang='lat' dir='ltr'>doetus</span> <span class='ocrx_word' id='word_1_152' title='bbox 624 3345 723 3417; x_wconf 87' lang='lat' dir='ltr'>iniqua</span> <span class='ocrx_word' id='word_1_153' title='bbox 746 3345 816 3416; x_wconf 82' lang='lat' dir='ltr'>pat-i.</span> 
     </span>
     <span class='ocr_line' id='line_1_28' title="bbox 129 3438 941 3512; baseline -0.011 -10"><span class='ocrx_word' id='word_1_154' title='bbox 129 3460 159 3502; x_wconf 74' lang='lat' dir='ltr'>aa</span> <span class='ocrx_word' id='word_1_155' title='bbox 175 3440 279 3499; x_wconf 86' lang='lat' dir='ltr'>Gratia</span> <span class='ocrx_word' id='word_1_156' title='bbox 302 3441 379 3512; x_wconf 93' lang='lat' dir='ltr'>quod</span> <span class='ocrx_word' id='word_1_157' title='bbox 402 3445 528 3511; x_wconf 88' lang='lat' dir='ltr'>nequeat</span> <span class='ocrx_word' id='word_1_158' title='bbox 552 3439 605 3496; x_wconf 87' lang='lat' dir='ltr'>tibi</span> <span class='ocrx_word' id='word_1_159' title='bbox 629 3440 681 3496; x_wconf 87' lang='lat' dir='ltr'>sed</span> <span class='ocrx_word' id='word_1_160' title='bbox 703 3440 835 3510; x_wconf 86' lang='lat' dir='ltr'>plenaria</span> <span class='ocrx_word' id='word_1_161' title='bbox 857 3438 941 3496; x_wconf 89' lang='lat' dir='ltr'>reddi</span> 
     </span>
     <span class='ocr_line' id='line_1_29' title="bbox 216 3534 961 3606; baseline -0.007 -14"><span class='ocrx_word' id='word_1_162' title='bbox 216 3535 276 3593; x_wconf 91' lang='lat' dir='ltr'>Pro</span> <span class='ocrx_word' id='word_1_163' title='bbox 299 3535 411 3592; x_wconf 89' lang='lat' dir='ltr'>meritis</span> <span class='ocrx_word' id='word_1_164' title='bbox 436 3535 529 3603; x_wconf 82' lang='lat' dir='ltr'>uideo,</span> <span class='ocrx_word' id='word_1_165' title='bbox 554 3551 674 3605; x_wconf 89' lang='lat' dir='ltr'>prorsus</span> <span class='ocrx_word' id='word_1_166' title='bbox 699 3534 735 3590; x_wconf 91' lang='lat' dir='ltr'>ob</span> <span class='ocrx_word' id='word_1_167' title='bbox 758 3534 845 3606; x_wconf 91' lang='lat' dir='ltr'>idque</span> <span class='ocrx_word' id='word_1_168' title='bbox 868 3548 961 3605; x_wconf 80' lang='lat' dir='ltr'>gemo.</span> 
     </span>
    </p>
   </div>
   <div class='ocr_carea' id='block_1_4' title="bbox 0 0 1248 4050">
    <p class='ocr_par' dir='ltr' id='par_1_4' title="bbox 0 0 1248 4050">
     <span class='ocr_line' id='line_1_30' title="bbox 0 0 1248 4050; baseline 0 0"><span class='ocrx_word' id='word_1_169' title='bbox 0 0 1248 4050; x_wconf 95' lang='lat' dir='ltr'> </span> 
     </span>
    </p>
   </div>
  </div>
 </body>
</html>
