2476 4050
341 195 385 240 111.
414 168 599 241 1111111111
622 196 836 242 1111111111.
1045 186 1083 244 51

210 372 286 429 Fide
310 371 419 443 silequc
441 371 523 429 Deo!
552 372 615 442 Quo
640 390 711 429 crux
734 373 858 429 vicinior
880 373 968 444 angit,

151 468 217 524 Hoc
239 467 335 523 vic-ina
358 467 437 523 cruci
459 467 551 539 magis
575 471 620 524 cst
642 468 811 538 praesentia
835 465 953 534 Christi,

107 579 135 619 ao
151 561 207 629 Qui
229 561 305 617 mala
327 561 373 617 vel
395 560 472 617 tollit
493 561 609 632 penitus
633 562 679 618 vel
701 562 815 618 atrocia
837 561 909 618 lenit

151 655 216 711 Non
239 655 373 726 grauiore
395 672 529 726 premens
554 661 692 713 oneratos
715 656 846 726 pondere
870 661 996 723 sanctos

149 749 241 818 Quam
265 749 384 806 sufferre
408 755 526 821 queant,
548 751 577 806 in
600 739 724 822 utroque
747 749 843 807 fidelis
867 755 898 807 et
920 766 1039 821 aequus,

150 844 204 913 Qui
229 845 347 903 dumeta
370 861 437 903 suos
460 846 629 917 plerumque
652 863 706 916 per
729 862 834 916 aspera
857 845 965 902 ducens

149 940 278 996 Exuvias
303 940 398 996 carnis
422 940 520 997 vitiosi
543 940 658 997 velleris
681 940 775 996 instar
886 930 890 939 ’

104 1052 132 1092 ee
150 1033 298 1091 Carminat
322 1039 408 1106 atque
434 1034 527 1090 crucis
551 1034 697 1091 salsedine
721 1034 798 1091 sicut
820 1039 904 1090 aceto

149 1129 290 1196 Macerat‚
314 1134 348 1184 ut
371 1134 488 1185 sanctos
511 1128 624 1185 habiles
648 1127 793 1199 fingamur
816 1129 853 1184 ad
875 1145 953 1196 usus,

146 1223 242 1294 Vsque
266 1223 340 1280 adeo
364 1224 438 1279 mira
462 1223 588 1280 domitos
612 1223 727 1280 ratione
751 1221 895 1294 gubernat

146 1317 231 1374 More
255 1334 306 1374 suo
330 1317 443 1386 mediis
468 1334 541 1390 quae
565 1322 632 1374 sunt
656 1317 812 1387 contraria,
836 1316 976 1388 gaudens,

147 1412 239 1481 Mitis,
264 1417 294 1469 at
316 1413 346 1468 in
370 1394 601 1484 speciem'quos
626 1412 729 1484 diligit,
756 1411 888 1469 omnibus
912 1427 1007 1482 asper,

104 1524 132 1564 40
148 1506 224 1574 Quid
248 1507 362 1563 salvans
386 1507 520 1574 animam,
546 1508 671 1578 castigat
695 1505 791 1564 debile
815 1523 920 1577 corpus

147 1600 186 1656 Et
209 1601 287 1657 bona
311 1600 476 1656 subducens
499 1602 654 1657 terrestria
678 1601 787 1657 caelica
810 1601 908 1669 donat,

148 1694 203 1762 Qui
225 1692 298 1750 foris
322 1692 464 1765 adfligcns
488 1694 565 1749 intus
590 1694 699 1751 solacia
721 1695 829 1762 reddit,

148 1787 246 1843 Fortis
269 1788 300 1843 in
322 1785 453 1856 infirmis
478 1788 508 1843 in
531 1788 630 1860 egenis
656 1788 746 1858 dives,
770 1789 882 1845 honore

147 1881 289 1939 Exaltans
312 1882 443 1951 humiles
470 1899 594 1953 operans
617 1883 648 1938 in
671 1887 766 1940 morto
790 1883 921 1940 salutem.

102 1995 130 2036 45
202 1976 310 2034 Tristis.
323 1976 466 2045 adhucne,
488 1977 592 2046 anima,
618 1975 675 2034 es?
700 1978 825 2035 Tristari
841 1977 941 2035 desine
958 1978 1077 2036 tandem

145 2071 184 2127 Et
208 2088 258 2142 spe
281 2072 433 2128 tristitiam
455 2071 624 2143 moderarc;
650 2073 755 2129 resiste
780 2072 890 2130 dolori!

145 2166 200 2234 Qui
222 2164 287 2222 finit
309 2165 385 2221 mala
408 2170 521 2234 cuncta,
545 2165 625 2222 Deus
650 2166 732 2223 dabit
754 2167 798 2223 his
823 2183 935 2238 quoque
958 2166 1054 2236 finem,

146 2259 203 2316 Pro
228 2276 313 2316 cruce
336 2260 387 2336 qui
410 2259 512 2326 lucem,
536 2277 589 2331 pro
614 2261 694 2317 luctu
715 2262 824 2333 gaudia
846 2261 958 2319 reddet.

201 2352 263 2410 Nec
287 2370 390 2410 secura
413 2358 519 2423 tamen,
545 2372 610 2411 cum
633 2372 697 2412 sors
721 2356 868 2426 adrisem't,
893 2361 967 2425 esto,

101 2447 204 2507 1110111
228 2446 366 2506 defuncta
388 2449 471 2505 malis
495 2450 628 2521 omnique
653 2457 788 2522 exempta
811 2451 916 2509 timore

144 2543 220 2600 Pace
244 2544 333 2600 semel
355 2548 449 2614 parta,
476 2544 557 2615 quasi
580 2546 659 2602 nulia
681 2546 812 2617 pericula
835 2551 958 2615 restent,

145 2637 238 2694 Cauta
261 2637 313 2694 sed
335 2638 473 2695 incedens
496 2639 575 2696 vitae
599 2656 667 2711 rege
690 2640 814 2711 previde
836 2657 953 2712 gressus

142 2732 356 2804 Vrgentemque
379 2749 481 2803 preces
505 2749 621 2804 semper
644 2734 725 2790 caclo
750 2734 851 2806 adrige
873 2740 1009 2804 mentem,

143 2826 219 2882 Tuta
241 2826 346 2883 timens
370 2826 458 2883 etiam
482 2843 554 2898 quae
579 2831 725 2884 monstrat
746 2828 854 2898 gaudia
876 2829 998 2885 mundus

101 2939 128 2980 55
143 2920 182 2976 Vt
204 2924 340 2990 suspecta
361 2920 417 2991 piis
441 2925 471 2977 et
492 2919 645 2978 fraudibus
670 2920 761 2978 oblita
784 2923 895 2979 mortis

141 3015 216 3071 Nam
238 3015 307 3071 licet
330 3013 477 3086 obsequiis
501 3019 679 3086 spontancus
703 3017 813 3073 adnuat
834 3017 912 3074 ultro

140 3109 266 3180 Spiritus
289 3109 362 3180 ipse,
388 3125 456 3166 caro
480 3113 578 3166 tamen
601 3114 646 3167 est
668 3109 783 3168 infirma
805 3111 917 3183 levique

63 3266 65 3271 ¹
141 3203 193 3260 Vel
216 3207 330 3261 tentata
352 3208 431 3260 metu
454 3205 499 3260 vel
522 3221 573 3276 spe
597 3222 738 3277 suspensa
761 3206 893 3264 labascit.

139 3297 235 3365 Adde,
259 3297 336 3369 quod
359 3315 449 3369 usque
472 3299 541 3370 vigil
564 3305 630 3355 tuus
656 3300 781 3357 excubat
803 3301 896 3358 hostis
920 3308 949 3359 et
973 3304 1070 3372 armis,

95 3411 124 3452 oo
140 3392 202 3460 Quo
227 3393 319 3463 magis
343 3409 373 3449 es
397 3378 544 3462 constans,
568 3398 651 3451 tanto
675 3393 821 3452 rabicsius
844 3397 966 3468 instans,

138 3486 289 3542 Victorem
312 3492 430 3543 satanas
454 3492 577 3544 conatur
599 3489 716 3546 vincere
739 3491 841 3560 11111111,

138 3581 252 3639 Rursus
274 3586 308 3638 ut
330 3586 471 3639 attrectes
495 3586 609 3639 veteres
632 3583 798 3655 improvida
821 3586 933 3655 sordes,
