2476 4050
338 251 379 296 1v.
403 249 571 296 mnemuvs
594 248 800 295 muniamus.
1015 237 1054 304 59

121 428 187 484 Non
211 428 270 484 sint
292 428 424 498 exemplo
448 427 523 484 tanti
546 426 717 483 mortalibus
741 442 838 494 ausus

94 540 96 544 ·
164 522 205 578 Et
227 522 297 578 nulli
319 521 458 592 probrum
481 521 542 578 vita
565 521 663 593 quieta
684 520 774 577 ferat!

122 616 268 687 Tempora
289 621 487 688 praetereunt,
513 614 587 688 fugit
609 615 814 673 inrevocabilis
838 619 920 672 aetas

78 730 107 769 ao
165 711 204 767 Vt
225 713 350 770 volucris
374 711 484 769 Partha
506 712 596 768 missa
619 711 727 783 sagitta
749 709 816 778 fide,

122 806 217 878 Tigris
240 812 272 863 ut
294 807 449 889 Armenips
474 824 561 863 cursu
582 805 746 877 perlabitur
768 821 864 876 agros

163 900 202 957 Vt
224 902 324 973 tepida
347 900 491 958 imbriferi
515 901 638 958 solvitur
661 917 732 957 aura
754 900 834 957 Noti.

119 996 180 1052 Nos
203 1001 300 1054 tamen
324 1000 353 1053 51
375 996 452 1053 ludis
477 995 671 1052 consumimus
694 995 744 1051 illa
766 994 920 1066 protervis,

161 1090 202 1146 Et
224 1091 350 1162 spatium
374 1091 451 1148 vitae
475 1107 535 1147 nen
556 1089 645 1146 breve
669 1105 785 1147 somnus
809 1089 914 1159 habet;

72 1203 101 1244 35
117 1185 270 1243 Perdimus
294 1191 323 1242 51
346 1186 428 1242 15115
451 1184 595 1242 distracta
618 1183 754 1255 cupidine
777 1200 883 1251 rerum,

162 1279 259 1337 Corda
282 1280 377 1337 solent
399 1284 502 1350 partae
526 1295 599 1351 quae
622 1279 752 1336 lacerare
776 1278 877 1350 magis.

118 1375 186 1431 Non
210 1392 273 1447 ege,
299 1375 345 1431 cui
368 1375 472 1431 minuit
494 1375 606 1445 patrios
629 1374 700 1430 levis
724 1373 788 1430 alea
811 1389 952 1441 nummos,

161 1469 275 1538 Vivum,
300 1487 364 1526 cum
388 1474 502 1540 tempus
528 1469 570 1526 sic
593 1473 679 1537 terat,
704 1485 768 1525 esse
791 1474 873 1538 puto.

116 1565 178 1619 Aut
200 1565 248 1635 qui
272 1581 337 1619 cum
361 1562 463 1620 erebro
487 1563 564 1634 riget
588 1562 671 1619 arida
693 1567 813 1633 guttura
835 1562 962 1631 Baccho,

74 1677 102 1716 15
163 1656 307 1714 Cristatas
330 1674 476 1728 nunquam
499 1656 615 1713 sobrius
639 1656 722 1713 audit
744 1673 822 1713 aves.

118 1751 223 1808 Vivere
246 1751 387 1823 pecuniae
411 1751 536 1808 tumulos
561 1751 623 1822 quis
648 1751 749 1809 credat
772 1767 876 1807 avaros

160 1846 223 1903 Nee
246 1847 345 1918 potius
370 1863 433 1903 cum
456 1862 488 1902 re
512 1861 543 1902 se
567 1845 706 1917 sepelisse
730 1841 801 1902 sua?

115 1941 266 1998 Mercator
287 1940 365 1998 freta
386 1941 472 2014 leuga
497 1946 582 1998 secat
603 1939 737 2011 periurus
761 1946 792 1997 et
814 1941 902 1998 audet

156 2035 258 2092 Vltrici
283 2037 373 2093 vitam
397 2036 520 2093 credere
545 2035 650 2092 stultus
674 2051 775 2107 aquae.

71 2149 99 2189 15
115 2130 190 2199 Quin
214 2127 285 2187 vos?
316 2129 386 2199 Quis
409 2129 516 2187 famam
540 2129 617 2186 bello
642 2145 816 2202 censumque
840 2132 947 2187 secutis

155 2225 210 2281 Est
233 2223 374 2281 Lachesis
401 2241 523 2296 magnus
549 2240 684 2294 rumpere
707 2224 756 2282 fila
778 2222 881 2282 labor?

112 2319 204 2387 Felix,
230 2335 313 2391 quem
338 2336 390 2377 sua
412 2336 481 2376 rura
507 2323 616 2387 tenent,
643 2320 689 2375 cui
713 2318 836 2391 praebet
859 2321 1003 2392 inemptas

153 2414 345 2486 Patrisopus
368 2415 414 2472 vel
436 2415 482 2472 avi
505 2411 610 2485 fagina
639 2431 740 2472 mensa
763 2415 862 2487 dapes

110 2508 164 2565 Oui
186 2509 342 2581 tranquilla
365 2510 445 2582 quies
470 2513 675 2580 contentaque
699 2510 796 2567 vivere
819 2527 909 2581 parco

66 2623 95 2663 50
152 2602 284 2675 Exiguae
308 2610 406 2661 servat
427 2604 521 2661 libera
552 2607 631 2659 tecta
659 2621 753 2661 casae.

108 2698 148 2754 Et
171 2715 246 2757 nunc
268 2699 317 2756 1115
340 2698 424 2757 bovis
450 2715 540 2771 grave
571 2699 645 2757 eollo
668 2699 760 2756 nectit
783 2705 913 2756 aratrum

151 2795 289 2866 laetaque
313 2810 388 2850 nunc
412 2793 543 2851 domitae
575 2793 686 2850 semina
708 2792 828 2850 mandat
851 2793 946 2852 humo.

114 2889 174 2944 Aut
195 2889 262 2959 palo
283 2887 345 2964 ¹fine
369 2888 524 2959 religatam
547 2888 667 2964 palmite
690 2887 778 2944 vitem

150 2982 216 3039 Non
240 2982 310 3039 sinit
332 2981 440 3039 effosso
472 2981 667 3053 procubuisse
691 2982 768 3053 sole;

67 3087 96 3136 55
112 3077 183 3134 Mox
206 3077 255 3134 ubi
277 3077 420 3149 pallentes
444 3077 575 3134 autumni
598 3094 726 3149 vergere
751 3077 829 3134 soles

157 3172 238 3229 Vidit
263 3176 292 3228 et
314 3171 460 3228 hibernes
483 3187 543 3228 non
565 3171 668 3242 procul
690 3171 734 3229 115
758 3170 830 3240 dies,

108 3265 231 3322 Instruit
253 3266 392 3323 adversus
423 3265 557 3337 glacialis
582 3264 694 3338 frigora
716 3266 835 3323 brumae

150 3360 237 3417 Parte
260 3359 358 3417 focum
380 3362 496 3419 mediae
519 3361 663 3433 lignaque
686 3364 768 3418 secta
792 3360 902 3430 demus

106 3457 198 3523 (luem
222 3455 330 3512 circum
352 3457 473 3528 natique
504 3455 616 3526 sedent,
642 3459 672 3512 et
695 3455 797 3512 sedula
822 3455 948 3512 coniunx

62 3567 92 3611 65
148 3548 277 3622 Torquet
299 3549 335 3606 ab
360 3548 488 3606 informi
511 3549 579 3607 licia
602 3554 699 3606 tracta
723 3550 796 3607 colo.

38 3642 425 3743 ΗΙΙΙ’,111515151115151515
447 3661 543 3702 moros
567 3648 596 3722 51
620 3643 700 3702 dicta
723 3649 882 3716 parentum
