2476 4050
392 218 432 263 vr.
460 219 629 265 roeemuvs
651 219 841 266 urusmeuu.
1067 209 1104 267 73

129 409 159 450 25
288 393 373 451 Hune
396 394 473 452 diem
498 396 574 453 cives
599 397 749 454 celebrant
771 398 897 469 superui,

285 487 370 545 Hunc
394 490 470 547 diem
493 491 578 548 laetis
603 491 744 549 decorant
767 492 890 560 cherum,

286 582 371 640 Huue
395 584 472 641 diem
495 587 604 643 sanetis
628 592 804 644 venerentur
826 587 939 658 hymnis

388 678 428 735 Et
451 680 505 737 tibi
528 681 679 752 plaudunt.

285 833 414 890 Auream
437 834 546 891 ducunt
570 835 713 892 elementa
735 852 846 907 pacem,

286 925 353 983 Non
375 929 438 984 uoti
461 929 631 986 incumbunt
653 929 756 1001 pelage
779 929 919 998 furenter,

285 1019 381 1079 Fusca
404 1023 456 1079 sed
480 1025 571 1080 scisso
595 1024 707 1081 Boreas
729 1025 844 1096 repellit

387 1117 495 1174 Nubila
518 1119 609 1176 caele.

285 1268 380 1339 Quid?
405 1272 482 1343 qued
506 1272 662 1328 humanum
685 1288 776 1344 genus
801 1291 884 1330 eume
908 1279 1005 1345 grates

284 1364 407 1423 Debitus
431 1367 517 1423 solvit
540 1367 593 1424 tibi
617 1375 712 1425 mente
737 1373 818 1425 easta

288 1458 328 1515 Et
350 1465 430 1516 tuum
453 1461 544 1517 multe
570 1462 640 1519 uelit
662 1469 805 1534 apparatu

386 1555 426 1611 Et
449 1573 535 1626 prece
560 1574 672 1613 numen.

283 1709 449 1765 Frendibus
474 1711 563 1781 cingit
587 1711 737 1783 roseisque
761 1712 848 1767 seriis

285 1803 368 1861 Nune
392 1821 491 1861 saeuas
515 1822 583 1862 eres
606 1807 760 1878 variosque
785 1806 890 1862 ederes

285 1897 349 1953 Vrii
373 1904 403 1955 et
425 1900 546 1970 supplex
570 1900 685 1956 veniam
708 1905 846 1972 precatur

389 1993 437 2050 Ad
460 1998 511 2051 tua
535 2011 629 2051 saera.

285 2145 382 2203 Rebus
406 2147 539 2205 humanis
564 2165 618 2219 ege
641 2149 699 2204 iam
721 2149 863 2204 malorum

284 2241 362 2298 Mole
385 2243 498 2299 vexatis
523 2243 669 2314 nimieque
693 2243 761 2300 belli

284 2334 411 2393 Turbine
434 2336 547 2406 fraude,
572 2342 657 2408 pater
680 2355 697 2394 0
721 2337 855 2409 benigue,

386 2431 471 2488 Adde
495 2432 651 2489 medelam!

287 2582 379 2655 Saepe
403 2585 543 2642 iactatum
567 2586 685 2643 tumidis
709 2587 846 2657 procellis

285 2677 324 2734 ut
346 2680 420 2736 mule
445 2678 594 2736 adflictum
618 2680 728 2736 medius
752 2697 805 2751 per
827 2681 919 2737 undas

284 2771 371 2848 (Nem
394 2772 500 2849 petes),
525 2774 600 2830 vasti
625 2792 641 2831 0
665 2775 835 2831 mederetur
858 2774 946 2842 orbis,

386 2868 487 2941 Dirige
512 2868 657 2940 cymbam!

284 3021 429 3080 Praebeas
454 3040 539 3080 aures
565 3023 700 3094 precibus
724 3021 865 3094 benignas

287 3116 349 3173 Nos
373 3117 409 3174 ab
434 3124 554 3175 aeterua
578 3117 763 3189 redime-sque
786 3123 880 3174 morte

284 3211 363 3269 Luee
387 3212 531 3270 defunctis
557 3229 692 3269 reserans
717 3212 829 3284 Olympi

386 3307 501 3364 Limina
524 3307 608 3364 eelsil
