2476 4050
459 201 478 244 1.
500 198 636 244 IOANNES
659 199 828 244 STIGELIVS.

202 375 295 433 Obvia
317 381 349 434 tu
373 380 473 432 coetus
497 375 644 433 Christum
666 377 832 432 venerantis
855 376 950 446 imago

244 470 330 539 Vere,
354 468 417 526 Deo
441 476 562 541 gratum,
587 471 645 527 iam
668 470 808 527 redeunte
833 470 926 540 eanis;

203 564 315 621 Blanda
339 581 458 635 opernm
480 564 640 636 inspectrix
663 565 795 636 spatiosa
816 581 869 636 per
892 579 961 620 arva
984 561 1100 634 vagaris

165 680 189 717 m
246 659 342 731 Atque
366 659 462 730 operis
486 659 596 730 gaudes
619 660 695 716 ruris
719 659 823 716 adesso
848 674 953 716 eomes.

205 753 290 810 Mane
315 770 419 810 sonans
442 753 574 811 homines
596 754 727 811 mandati
750 754 788 811 ad
812 758 917 824 coepta
938 751 1049 808 laboris

245 847 345 904 Munia
367 848 492 905 iucunde
518 848 714 905 continuanda
737 864 824 905 vocas

202 942 241 998 111
264 942 360 999 studia
384 948 413 998 et
436 959 520 999 ouras
546 947 632 999 cantu
655 943 759 1000 solaris
783 942 885 1010 amieo,

242 1038 344 1094 Donec
367 1037 430 1093 abit
452 1054 554 1108 sparse
576 1037 683 1094 lumine
706 1037 792 1109 longa
816 1037 887 1093 dies

161 1151 186 1191 m
203 1132 346 1189 Occidens
370 1132 478 1202 repetit
502 1132 577 1188 vada
600 1149 664 1188 eum
686 1132 838 1189 Maurusia
861 1130 1006 1198 Phoebea,

244 1226 287 1281 Tu
310 1225 395 1282 fessis
420 1227 508 1282 etiam
530 1231 600 1283 vota
622 1227 721 1298 quieta
745 1227 824 1283 canis

202 1321 263 1377 Nee
285 1321 364 1391 prius
388 1321 418 1377 in
440 1320 568 1377 latebras
593 1322 655 1392 agri
680 1326 708 1377 te
733 1319 965 1385 sera1·eeemliS‚

245 1414 415 1472 Munifieum
439 1415 569 1472 celebret
591 1432 676 1487 quam
699 1421 750 1472 tua
772 1416 870 1487 lingua
891 1414 996 1470 Deum.

202 1510 281 1582 Ergo
303 1509 456 1566 laboriferi
479 1510 595 1567 rediens
618 1515 651 1565 ut
672 1510 774 1566 nuntia
796 1510 872 1566 veris

160 1626 188 1662 zo
248 1603 340 1660 Grata
361 1603 425 1660 Deo
449 1603 551 1660 laudes
575 1604 672 1660 dicere
697 1605 787 1661 corda
810 1604 907 1670 doceS,

204 1697 252 1754 Sie
273 1701 306 1752 nt
328 1703 412 1768 grata
434 1697 498 1754 Deo
522 1697 623 1754 laudes
647 1698 771 1755 eeclesia
798 1702 903 1766 cantet,

247 1790 392 1862 Perpetuo
416 1792 529 1862 patriae
552 1791 627 1848 faxit
650 1808 749 1849 amore
771 1791 860 1849 Deus.

463 1971 513 2028 De
536 1972 631 2029 viola
654 1973 822 2029 serotina.

203 2075 379 2145 Decerptam
402 2074 508 2130 violam
531 2091 613 2131 meae
635 2075 748 2146 puellae

204 2168 229 2223 E
254 2168 333 2224 silvis
356 2155 472 2224 rediens
497 2168 565 2225 dedi
589 2168 640 2225 sub
664 2169 758 2240 ipsum

205 2262 402 2319 Maturantem
424 2262 527 2319 hiemis
550 2262 650 2320 Nonas
673 2264 869 2334 novembrem,

204 2356 294 2426 Quam
318 2361 415 2414 terrae
439 2373 454 2413 e
477 2358 588 2429 gremio
612 2359 756 2415 excitarat
778 2363 887 2428 auster,

175 2451 244 2509 aEt
266 2451 387 2508 multum
411 2451 495 2508 simui
518 2452 619 2509 addidi
643 2454 817 2521 osculorum,

203 2544 414 2602 commendans
439 2546 574 2604 dominae
596 2564 672 2604 nova
695 2547 745 2604 illa
768 2548 853 2605 dona.

203 2642 282 2709 Quae
305 2640 404 2697 ridens
429 2641 513 2697 simul
536 2647 567 2697 et
587 2658 719 2713 gemens:
746 2642 878 2699 ‘Amabo'

200 2734 297 2806 Inquit
324 2734 462 2803 ‘deliciae
488 2740 585 2792 tamen
607 2736 653 2792 vel
675 2736 738 2806 ipso

202 2829 234 2884 111
257 2826 331 2886 flore
356 2833 400 2885 est
424 2829 512 2886 etiam
534 2828 628 2900 figura
650 2831 767 2887 mortis:

160 2942 187 2980 m
202 2922 266 2988 Hic,
291 2923 339 2994 qui
362 2927 494 2993 tempore
516 2940 575 2980 non
598 2940 650 2980 sno
675 2924 801 2995 virescit,

203 3017 284 3073 idem
307 3021 439 3088 tempore
462 3034 520 3074 non
543 3034 595 3074 suo
618 3019 747 3089 peribit)

531 3197 580 3255 De
605 3199 756 3257 Phileto.

204 3298 275 3355 Cum
297 3299 423 3371 primum
446 3301 531 3358 enixa
553 3300 683 3359 formosa
707 3301 821 3359 Philota
843 3310 965 3374 parente

244 3392 396 3451 Humanae
420 3411 540 3451 eonsers
563 3396 643 3453 edita
665 3397 737 3453 lucis
761 3402 833 3466 erat,

201 3486 354 3559 Excepere
377 3488 442 3546 sinu
465 3488 656 3562 Charitesque
680 3490 833 3563 Venusque
856 3493 990 3564 puellam,

244 3580 399 3651 Quaelibet
420 3581 460 3641 ad
481 3598 585 3643 musas
607 3585 760 3656 ingeniosa
783 3602 858 3643 suas.
