2476 4050
435 203 476 247 lx.
503 202 646 246 ssvmcrvs
667 201 795 248 CORDVS.

450 395 633 453 El'RICIVS
656 395 818 454 CORDVS.

557 533 702 606 Ecloga.

390 637 531 709 Sylvius
560 644 593 694 el
622 635 866 708 Polyphemus.

566 773 690 845 Sylvius

91 870 95 877 ’
187 882 261 949 Huc,
285 879 472 952 Polypheme,
496 879 576 935 seni:
600 877 669 950 quid
690 880 721 935 iu
742 879 800 935 islo
823 878 885 936 sole
908 881 1023 953 vagaris

184 976 224 1032 Et
247 984 297 1032 tua
319 975 492 1047 nequiquam
516 974 579 1030 solo
602 973 676 1045 tegis
700 989 752 1030 orn
774 971 894 1045 galero?

183 1070 304 1127 Mollior
324 1070 371 1126 hic
395 1069 509 1140 requies
533 1074 563 1125 et
586 1084 677 1139 opaca
701 1067 754 1124 sub
776 1068 842 1126 ilice
865 1069 951 1126 tellus

182 1165 221 1222 El
245 1165 382 1222 tremulas
405 1165 483 1220 iuter
504 1163 670 1234 gratissima
693 1179 841 1220 murmura
864 1162 994 1234 frondes,

153 1261 239 1320 5Hic
263 1261 360 1328 etiam,
384 1260 409 1314 si
431 1259 474 1314 vis
497 1256 564 1333 (fuit
587 1258 659 1314 haee
682 1262 732 1315 tua
755 1274 843 1330 saepe
865 1257 983 1337 libido),

182 1355 244 1412 Iam
267 1361 351 1425 potes
373 1353 487 1409 alterno
510 1367 622 1408 mecum
646 1353 823 1410 contendere
845 1370 940 1411 versu.

180 1450 247 1506 Nou
269 1449 361 1519 magis
385 1447 532 1503 exsultans
556 1445 641 1502 tofles
664 1464 730 1504 mea
752 1449 876 1520 pignora
897 1451 1004 1522 ricton

180 1543 235 1600 Est
257 1559 333 1599 nora
356 1540 522 1613 disparibus
545 1539 663 1597 tandem
685 1542 755 1598 mihi
778 1541 875 1601 fistulo
899 1545 1008 1602 cannis.

180 1638 271 1706 Quem
295 1638 403 1695 tuleras
426 1652 520 1708 nuper
542 1652 644 1708 cogam
667 1641 696 1692 te
719 1636 843 1694 reddere
867 1655 995 1711 caprum,

138 1753 166 1794 ro
181 1733 265 1790 Hunc
288 1739 427 1805 lupone,
452 1730 525 1788 duos
548 1729 658 1787 haedos
682 1710 736 1802 θὲο
759 1748 836 1803 pono
860 1733 994 1791 vicissim.

522 1859 726 1930 Polyphemus

179 1965 227 2022 Nil
250 1964 337 2022 ruodo
362 1963 397 2020 de
421 1962 473 2020 tali
496 1961 577 2019 dieas
601 1963 768 2032 certamine,
794 1963 882 2036 Sylvi,

179 2060 245 2118 Non
267 2058 344 2116 idem
368 2063 412 2114 est
435 2057 547 2114 animus
570 2073 693 2129 semper,
717 2075 776 2116 non
798 2077 856 2117 una
879 2061 1022 2134 voluntas

179 2154 309 2211 Maxima
332 2169 502 2210 succensam
524 2152 601 2225 rapit
623 2153 785 2225 indignatio
808 2159 943 2225 mentem,

177 2248 238 2305 Nec
261 2249 387 2317 memini,
412 2247 490 2320 quod
512 2265 591 2305 eram
615 2265 670 2320 [pua
692 2265 768 2306 nuuc
791 2266 846 2320 ego
870 2251 1001 2310 concitus
1023 2253 1078 2312 ira.

136 2362 163 2403 15
178 2343 233 2399 Est
255 2342 377 2414 propior
400 2346 487 2399 cautu
509 2340 604 2410 fletus
628 2358 687 2398 non
710 2343 795 2401 unica
816 2349 900 2416 gutta

178 2435 341 2507 Sanguinis
365 2436 487 2492 incisum
511 2436 536 2491 si
559 2436 621 2507 quis
644 2452 689 2493 me
713 2444 863 2510 pungeret,
888 2439 953 2497 iret.

559 2563 681 2635 Sylvius

176 2668 317 2737 Mirabar,
343 2667 412 2740 quid
435 2683 503 2724 oves
527 2671 608 2724 tauta
630 2667 689 2725 iam
711 2686 782 2727 voce
805 2669 921 2743 fugares

175 2764 287 2836 Totque
310 2762 474 2835 precareris
497 2763 604 2820 multae
629 2764 764 2836 contagia
787 2766 888 2836 pestis.

173 2857 212 2915 Di
235 2858 336 2917 melius
361 2858 429 2928 dixi,
455 2874 528 2929 quae
551 2863 579 2914 te
602 2858 721 2916 vesania
742 2857 848 2917 vexat?

130 2972 160 3013 ao
176 2952 235 3010 Sed
256 2971 311 3012 nec
334 2953 430 3012 adhuc
452 2970 504 3010 cur
526 2953 568 3010 sic
591 2952 726 3010 irasceris
750 2953 838 3012 audio
862 2973 988 3015 causam.

513 3059 717 3154 Polyphemus

174 3184 202 3241 Si
226 3191 310 3257 potes
334 3189 515 3258 exspectare,
540 3201 629 3257 vagas
653 3185 720 3242 dum
742 3191 858 3246 vertero
881 3188 967 3259 fetae,

172 3280 318 3353 Accipies,
342 3279 432 3338 habet
453 3279 509 3337 iste
532 3279 615 3352 gregi
637 3279 712 3337 mala
735 3283 868 3352 gramina
891 3301 1020 3357 campus.

554 3406 678 3479 Sylvius.

171 3510 237 3569 Hoc
259 3529 340 3570 meus
363 3516 395 3568 ut
417 3509 507 3569 faciat
529 3528 582 3583 pro
607 3526 651 3567 mo
675 3513 826 3571 cousuevit
848 3515 1001 3588 Hylactor,

172 3604 228 3675 Qui
252 3606 393 3665 simulac
417 3610 579 3664 monstrata
600 3620 689 3676 pecus
713 3605 844 3666 velocior
864 3609 946 3669 Euro
