2476 4050
134 208 176 265 56
366 219 410 264 111.
431 220 593 264 cosumus
615 219 868 265 mrrensnrsms.

137 415 164 455 io
222 394 333 463 Sentio,
357 413 416 452 non
438 396 526 452 etiam
550 395 734 452 dissimulare
756 412 851 451 meum
874 400 935 463 est,

175 490 238 548 Nec
261 490 314 547 sub
337 507 464 561 persona
485 491 602 546 vitalem
625 490 723 546 indico
746 491 848 546 ritem:

219 585 350 658 Ingenua
371 595 416 642 est
438 584 531 642 iacies
554 586 636 642 cordi
659 595 689 642 et
712 594 815 656 aperta
838 584 923 640 mihi.

178 681 310 738 Pectoris
333 688 420 752 atque
443 681 503 737 oris
526 680 684 737 eoncordia
707 681 746 736 mi
768 679 878 750 piacet:
903 679 950 736 illi

220 775 244 833 Ο
268 775 343 832 male
366 775 413 843 sit,
437 775 485 847 qui
508 776 548 831 nil
571 777 626 831 scit
649 776 705 831 nisi
728 773 818 831 rerba
841 773 932 831 dare!

135 890 162 930 15
178 870 244 927 Non
266 886 384 940 possum
407 880 513 926 memet
535 871 675 927 maiorem
699 868 810 940 tingere
832 885 919 940 quam
944 885 1036 928 sum:

220 964 353 1022 Moribus
376 981 393 1021 a
415 965 525 1021 nostris
547 963 641 1021 fastus
663 965 758 1020 utonis
781 962 874 1030 abest,

176 1060 238 1117 Nec
261 1057 418 1132 Cyclopem
441 1076 496 1130 ego
519 1076 571 1115 nec
594 1060 662 1116 nom'
684 1058 821 1128 simulare
843 1057 1053 1132 Thrasonem,

218 1154 280 1212 Nec
303 1154 421 1211 verbum
444 1170 494 1210 ore
517 1170 582 1210 meo
606 1152 808 1225 sesquipedale
830 1151 921 1221 cadit,

176 1249 239 1307 Nec
262 1248 362 1305 titulos
385 1247 475 1305 didici
498 1249 608 1305 iactare
632 1258 682 1305 aut
704 1247 890 1304 nobilitatem

133 1363 162 1403 ao
220 1343 283 1400 Nee
305 1359 400 1399 meum
423 1359 507 1399 arare
531 1343 610 1398 domi
632 1344 734 1415 iugera
756 1342 833 1399 mille
854 1346 986 1413 patrem.

176 1438 253 1495 Nolo
276 1438 395 1495 amicire
417 1436 503 1493 nimis
525 1438 667 1508 preciosis
690 1436 820 1494 restibus
843 1442 936 1505 amus,

217 1532 295 1588 Dum
317 1532 392 1588 velet
416 1548 521 1604 corpus
543 1533 633 1589 restis
656 1533 781 1589 honesta
803 1531 882 1588 mihi.

176 1625 366 1699 Magnificum
388 1626 425 1683 de
447 1644 492 1684 rue
515 1626 556 1683 nil
578 1628 682 1695 senti0,
707 1627 747 1683 nil
769 1627 886 1698 loqu0r3
908 1626 978 1697 ipse

218 1720 276 1779 Sed
298 1721 372 1793 pede
395 1738 441 1778 me
464 1738 500 1778 ae
521 1722 639 1779 modulo
662 1723 768 1778 metior
790 1737 880 1792 usque
901 1737 982 1779 meo.

133 1835 163 1877 ra
178 1816 248 1874 Sum
270 1816 348 1888 quod
371 1833 447 1885 sum3
471 1816 549 1887 quod
572 1824 638 1872 suut
661 1817 721 1884 alii,
746 1817 810 1872 sino
833 1815 999 1888 quemlibet
1021 1836 1114 1880 esse:

218 1910 339 1967 Iurandi
362 1910 400 1966 ad
422 1926 519 1966 mores
541 1911 636 1966 instar
656 1910 765 1967 habere
788 1911 883 1967 uelim.

175 2006 237 2063 Nec
259 2021 305 2061 rne
328 2004 475 2063 delectant
498 2005 637 2076 strepitus
659 2022 839 2078 pompaeque
866 2010 1029 2078 tumentes,

218 2101 297 2171 Apta
319 2099 372 2157 sed
393 2099 510 2171 ingenio
535 2105 579 2156 est
601 2100 662 2156 rita
684 2100 782 2171 quieto
805 2115 879 2168 meo,

176 2195 240 2251 Nec
263 2194 351 2251 didici
375 2195 458 2266 nugis
481 2195 641 2265 pretiosum
664 2194 788 2265 perdere
811 2200 926 2265 tempus

132 2307 161 2349 ao
218 2289 280 2345 Nec
303 2290 404 2360 procul
427 2306 444 2345 a
468 2289 561 2344 Musis
586 2305 649 2346 esse
672 2288 814 2361 bonisque
836 2287 929 2357 libris

176 2383 330 2440 chordaea
352 2400 405 2439 nec
429 2382 518 2438 didici
541 2383 662 2454 saltare3
687 2384 739 2441 sed
761 2384 832 2440 mihi
854 2400 912 2440 vox
934 2390 982 2442 est

217 2477 284 2534 Non
308 2494 352 2545 ea,
376 2484 406 2532 ut
430 2477 507 2533 atria
529 2476 566 2533 ab
589 2477 645 2534 hac
667 2484 695 2536 et
719 2477 785 2535 fora
806 2483 871 2534 tota
892 2477 996 2537 boent.

177 2572 241 2628 Non
264 2589 318 2642 ego
342 2576 448 2629 venatu
472 2587 589 2642 campos
613 2572 757 2644 silvasque
779 2572 908 2644 fatigem,

217 2666 355 2723 Rusticus
378 2665 501 2723 etmihi
523 2683 580 2723 non
603 2668 726 2738 imputet
748 2684 813 2724 esse
839 2667 937 2723 miser.

131 2779 160 2821 ao
176 2761 325 2819 Immerito
348 2778 402 2818 nco
424 2761 575 2818 inauratas
599 2761 691 2819 oolam
714 2762 825 2818 honore
847 2761 995 2833 bidenteS,

217 2855 295 2926 Quas
317 2855 376 2914 fert
399 2856 484 2927 inque
508 2856 599 2912 oculis
621 2855 722 2928 vulgas
746 2862 775 2913 et
797 2858 827 2912 in
849 2856 995 2928 manibus,

174 2950 297 3007 Munera
320 2967 373 3007 nee
396 2950 486 3007 didici
509 2951 582 3008 recti
604 2967 787 3022 praeponere
809 2967 930 3008 normae

216 3045 278 3101 Nec
300 3044 399 3115 lingua
421 3043 516 3101 furnos
539 3045 666 3102 vendere
689 3045 843 3117 vaniloqua

175 3137 237 3195 Nec
259 3138 379 3195 absente
404 3138 452 3194 siti
474 3155 592 3210 possum
614 3139 811 3211 praegrandia
832 3139 917 3210 pocla

130 3253 159 3292 ro
217 3231 329 3289 Invitus
353 3239 453 3289 nutum
477 3232 600 3290 educere
624 3234 815 3302 adulterine,

176 3326 333 3384 >iactanti
356 3327 415 3383 ulla
438 3326 515 3384 salus
539 3327 609 3384 mihi
632 3329 781 3399 principie,
805 3328 882 3384 illius
906 3344 977 3400 ergo

218 3420 350 3478 Potando
374 3428 406 3478 ut
428 3421 548 3492 perdam
572 3422 711 3495 prodigus
735 3424 797 3494 ipse
820 3439 922 3479 meam.

174 3515 240 3573 Non
262 3515 342 3572 inhio
366 3517 486 3587 inmunis,
510 3534 600 3587 porro
623 3534 668 3572 ine
693 3517 766 3574 duco
790 3517 917 3586 beatum,

217 3610 288 3667 Cum
312 3611 389 3667 victu
413 3616 527 3682 tegmen
551 3611 611 3667 vita
634 3612 782 3683 repletque
806 3627 879 3668 inea.
1104 3578 1153 3807 ι
