2476 4050
186 207 225 261 84
309 214 361 259 vn.
389 210 498 258 rosms
521 207 723 255 nalennmvs
761 176 902 269 toannns
924 208 1082 257 cassans,

182 414 211 454 as
286 391 438 449 Libertate
460 388 558 460 igit-nr,
584 385 680 458 quoad
702 384 810 454 licebit,

388 485 527 542 Iuvenum
549 487 632 539 utere
655 480 693 537 ad
716 478 852 536 salutem!

338 579 385 638 Sic
409 578 502 651 gloria
525 581 554 633 te
576 575 715 646 favorque
739 575 781 631 sic
804 580 833 631 te

440 672 597 729 Hominum
620 673 785 742 sequentur.

468 1114 641 1173 IOANNES
666 1114 862 1171 CASELIVS.

381 1263 602 1345 Εἱμαρμένη
624 1268 720 1324 vitae
743 1269 956 1327 mortalium.

227 1401 283 1471 Qui
305 1401 394 1456 vitam
418 1397 532 1454 caelebs
556 1397 618 1452 sine
641 1395 723 1466 prole
746 1401 777 1453 et
800 1398 920 1468 coniuge
945 1398 1033 1470 degit,

224 1495 280 1552 Hie
304 1493 381 1550 omni
404 1492 475 1548 mihi
498 1495 557 1548 stat
580 1490 642 1547 sine
666 1508 736 1547 cura
758 1491 789 1547 in
810 1491 896 1549 litore
920 1498 1001 1549 tutus

225 1587 380 1660 Aspiciens
404 1585 500 1658 pelagi
522 1584 628 1641 fluctus
651 1601 797 1658 navesque
819 1591 964 1644 natantes.

226 1685 266 1741 At
289 1683 398 1739 seciam
421 1681 499 1737 vitae
522 1680 605 1737 malis
630 1686 659 1735 et
680 1680 804 1751 pignera
826 1678 914 1737 lecti?

171 1770 173 1776 ’
197 1777 385 1838 aflaernlees
407 1773 611 1832 intertinctus
634 1775 745 1831 lactere
768 1791 919 1832 necessum
942 1781 996 1845 est,

226 1872 301 1942 Quin
324 1871 349 1927 si
371 1869 557 1940 tranquillum
580 1884 659 1924 inane
684 1868 722 1923 sit
743 1885 836 1940 neque
860 1868 993 1926 turbidus
1017 1887 1077 1941 aer,

225 1966 259 2022 In
282 1982 332 2037 spe
356 1968 417 2020 tam
438 1963 549 2035 liquida
571 1962 741 2023 saevissima
764 1980 893 2034 quaeque
916 1964 1042 2022 timebis.

225 2060 283 2117 Sed
306 2058 373 2131 quia
395 2074 448 2114 rex
470 2074 571 2128 regum
595 2056 706 2125 statuit,
732 2073 787 2128 qna
809 2057 873 2129 lege
897 2063 1013 2115 creatus

224 2154 279 2224 Sis,
304 2170 426 2226 generes
450 2153 537 2210 alios:
561 2151 629 2207 huic
653 2151 817 2208 auscultare
841 2152 961 2223 negabis

181 2267 208 2309 10
224 2245 368 2305 Auctori?
392 2247 462 2316 Fac,
485 2245 530 2303 fer
553 2233 672 2302 secnrns
697 2251 795 2303 cetera
818 2264 945 2303 summus

224 2342 304 2412 Quae
327 2340 409 2397 iubet
431 2340 478 2396 ille
500 2345 585 2410 pater
607 2339 705 2397 iacere
729 2346 759 2397 ct
781 2339 844 2397 fieri
869 2341 970 2399 ordine
995 2343 1090 2401 certo!

225 2431 368 2494 Mandat?
397 2433 493 2490 Ades!
523 2433 666 2490 Placitum
693 2432 757 2491 est?
792 2435 894 2492 Vivas!
926 2433 1041 2494 Vocat?
1074 2437 1156 2512 Ergo

861 2529 998 2588 recedas!

615 2655 717 2662 .-

461 2786 547 2842 Esse
571 2785 673 2855 velis,
699 2804 766 2844 non
790 2787 870 2844 dici.

330 2923 508 2994 Quicumque
533 2923 598 2980 diae
621 2924 732 2995 grande
755 2925 871 2981 virtutis
895 2926 975 2997 cupis

238 3032 247 3047 ⁰
326 3018 438 3074 Audire
461 3034 567 3074 nomen
590 3023 619 3074 et
641 3017 750 3088 probus
780 3019 837 3076 dici
865 3019 1008 3090 omnibus

325 3111 390 3168 Hoc
414 3111 463 3179 sie,
489 3112 566 3182 quod
590 3117 673 3182 optes
697 3114 841 3170 nominari
865 3115 990 3171 scilicet:

323 3206 390 3262 Non
413 3221 497 3262 nemo
521 3205 628 3262 famam
652 3206 772 3263 callidus
795 3208 870 3264 fallit
892 3226 983 3281 suam,

324 3299 438 3356 Iudicia
461 3300 570 3357 debent
592 3299 737 3373 subsequi,
767 3319 825 3359 non
848 3303 964 3362 ducere.
