2476 4050
419 200 484 245 VIII.
512 203 670 247 MAR'l'INVS
693 201 850 247 BAL'I'IGVS.

232 376 365 434 Turbans
389 382 419 435 et
440 379 523 450 regni
545 379 694 451 religionis
719 396 801 450 opus²

189 472 251 529 lam
274 472 346 528 satis
370 471 489 529 adflicta
512 480 557 530 est
579 491 632 545 per
655 478 684 530 te
706 472 869 544 plebecula,
894 472 973 529 cives

145 588 173 626 30
232 565 376 622 Exhausti
399 566 452 623 tibi
474 569 624 625 iam'sunt
647 574 844 640 superatque
867 567 949 623 30113.

189 661 240 717 Sat
264 660 396 717 dedimus
411 678 530 732 poenas,
555 662 673 719 nimium
691 666 736 719 est
753 661 807 718 tibi
823 660 972 732 sanguinis
987 660 1125 718 haustum

232 755 361 822 lnnocui‚
386 755 452 812 loca
474 774 550 813 nunc
573 758 640 813 hinc
664 757 760 814 aliena
782 755 864 827 petel

189 850 236 905 Ad
258 849 379 905 Tarrainr
402 851 446 906 vel
469 851 507 907 ad
531 856 677 909 extremos
702 851 895 908 Garamantas
919 849 1009 919 abite,

230 944 291 999 Aut
313 944 338 1000 si
361 961 431 1015 gens
455 962 616 1017 quaequam
639 947 753 1017 turpior
777 961 840 1002 esse
862 949 971 1015 potest.

146 1059 174 1099 33
190 1039 274 1095 Hanc
297 1039 409 1096 crucies
433 1040 545 1097 discors
568 1041 636 1097 huic
658 1041 840 1111 inspiresque
864 1056 1005 1096 venenum

231 1133 272 1189 Et
294 1133 384 1190 misce
408 1135 497 1203 caelo,
524 1135 648 1204 silicet,
673 1136 732 1191 ima
755 1132 858 1190 maris!

191 1227 248 1284 Sed
272 1227 388 1298 genitor
410 1229 513 1285 statuit
537 1229 697 1300 deperdere
721 1228 861 1286 Teutonis
886 1243 953 1284 oras

234 1325 330 1392 Atque
354 1339 444 1392 opera
467 1323 497 1377 in
519 1323 621 1393 prImis
645 1325 738 1380 utitur
760 1323 809 1379 ille
833 1327 891 1390 tua,

188 1416 305 1472 Scilicet
328 1415 402 1471 lianc
424 1433 512 1472 unuin
536 1417 682 1474 Christum
708 1419 805 1475 colere
829 1424 916 1488 atque
940 1416 1047 1474 docere

147 1531 174 1569 30
232 1509 336 1578 Sentit,
360 1510 391 1565 id
414 1511 528 1568 miseris
551 1512 661 1569 invidet
684 1512 733 1569 ille
756 1511 860 1568 modis

188 1605 266 1676 Ergo
289 1603 387 1661 fremit
411 1605 506 1661 dirum
529 1607 641 1663 vinctus
665 1606 835 1677 mordetque
859 1611 978 1662 catenas

232 1700 273 1756 Et
297 1698 405 1756 Christi
428 1700 566 1771 populum
590 1701 723 1758 scindere
745 1691 833 1772 posse¹
850 1699 944 1778 cupit,

189 1796 316 1866 (Eumque
340 1811 407 1850 suas
430 1801 555 1866 nequeat
577 1796 653 1852 vires
678 1780 811 1852 emittere
834 1795 928 1864 plene,

231 1888 349 1945 Emittit
372 1888 502 1945 sobolem
525 1894 562 1957 te,
587 1891 661 1946 male
686 1907 765 1949 sana.
790 1905 881 1946 suam.

147 2004 175 2044 33
191 1984 231 2039 At
253 1988 282 2040 te
304 1983 481 2054 praecipitet
504 1983 556 2039 sub
580 2001 669 2055 aquas
691 1983 797 2055 Stygis
821 1983 898 2040 unde
920 1982 1056 2054 prolecta
1079 1998 1119 2052 03,

232 2077 361 2149 Angelus
385 2082 413 2134 et
436 2083 537 2135 nostro
560 2079 649 2149 pellat
673 2078 709 2136 nb
734 2078 805 2136 orbe
828 2078 898 2148 Dei3

195 2172 241 2229 Sic
265 2173 379 2243 patrino
403 2190 503 2229 rursus
526 2175 644 2230 venient
667 2189 750 2231 sacra
774 2173 926 2229 commoda
948 2172 1038 2243 pacis

234 2267 388 2323 Teutonici
410 2266 480 2323 felix
504 2275 533 2324 ct
556 2273 651 2325 status
675 2269 754 2325 orbis
778 2268 843 2325 erit.

189 2361 301 2417 Exiere
324 2377 381 2417 non
405 2362 501 2418 veniet
523 2362 628 2433 gladiis
652 2380 722 2433 gens
746 2363 805 2419 ulla
828 2361 965 2429 cruentis,

147 2478 175 2513 oi
233 2454 295 2511 Nec
319 2455 433 2524 caedes,
458 2455 533 2524 lites
558 2455 635 2513 bella
657 2474 710 2514 nec
735 2458 811 2514 ensis
836 2461 928 2512 erunt.

189 2550 270 2607 llaec
293 2555 323 2606 et
344 2549 428 2620 plura
451 2550 570 2607 trahens
593 2552 651 2608 irno
675 2553 802 2624 suspiria
826 2551 913 2608 corde

229 2645 263 2700 ln
286 2645 395 2702 celeres
419 2644 509 2702 fundo
533 2646 623 2703 verba
647 2648 757 2704 caduca
779 2651 875 2703 notos.

192 2743 230 2796 At
254 2756 319 2797 mea
342 2740 367 2796 si
389 2745 516 2797 vestram
540 2742 634 2813 tangit
656 2742 806 2799 miseratio
829 2745 964 2808 mentem,

232 2835 312 2892 llaec
335 2835 360 2891 si
383 2852 428 2892 me
451 2852 520 2893 vero
546 2837 665 2893 creditis
690 2854 740 2894 ore
763 2836 850 2907 loqui,

146 2949 173 2989 03
190 2930 263 2997 Huc,
288 2946 401 3000 precor,
427 2947 444 2987 0
467 2936 564 2987 vestra
587 2932 685 2987 veniat
708 2932 766 2988 cito
790 2931 888 2987 littera
912 2929 1025 2995 dextra,

232 3023 289 3079 Scu
312 3024 388 3081 nrala
412 3025 450 3081 sit
471 3027 593 3095 patriae,
619 3042 670 3081 seu
693 3024 770 3082 bona
792 3023 887 3082 forma
910 3039 1001 3080 ureae.

189 3119 231 3173 Ne
254 3118 374 3174 ninrium
397 3119 493 3175 multis
516 3136 581 3176 mea
605 3124 718 3175 creseat
742 3118 867 3189 epistola
890 3117 995 3185 verbis,

230 3212 325 3268 Vivite
349 3212 449 3270 felices
473 3218 585 3283 ternpus
609 3213 639 3268 in
663 3230 747 3270 onrne
770 3230 884 3284 precor.
