2476 4050
123 220 166 266 1x.
193 221 223 264 n.
247 218 376 267 ooaovs
421 222 441 267 1.
465 223 567 268 areas,
611 224 660 269 ru.
684 221 928 269 nnnanonrnon
986 213 1044 270 105

55 396 161 458 ‚21oIn
182 397 296 454 laevum
319 398 416 470 gladio
440 399 516 456 mala
539 399 630 456 deicit
653 401 769 472 agmina
791 400 906 457 rictum.

126 491 216 549 Plena
238 492 283 548 his
307 493 457 550 calvastris
481 494 610 551 trahitur
632 511 763 563 carruca,
787 512 842 552 nec
863 512 983 567 usquam

125 585 193 643 Plus
217 586 315 644 densis
338 588 450 645 animas
473 589 625 646 incursant
647 588 804 647 daemones
828 590 926 648 armis,

494 715 617 788 Sylvius.

125 818 192 875 Non
214 814 306 891 magis
330 820 477 885 ausculto,
501 821 587 877 nimis
611 837 651 891 es
676 820 867 893 Polypheme,
895 821 1045 894 profanus.

124 911 177 970 Sat
199 930 287 985 super
308 914 362 984 his,
387 915 499 973 intrant
522 931 641 987 sparsae
666 916 797 987 coryleta
820 916 964 988 capellae:

66 1024 110 1067 ara
124 1007 169 1065 Ne
186 1025 270 1080 quarn
286 1009 397 1080 praedo
413 1009 498 1081 lupus
521 1026 657 1081 prensam
680 1010 815 1079 deducat,
841 1011 966 1068 cundum
990 1017 1042 1069 cst.

398 1309 572 1367 IOANNES
598 1309 723 1368 GIGAS.

373 1446 541 1504 Ecclesia
568 1447 739 1520 loquitur.

106 1555 236 1614 Tandem
259 1557 355 1629 aliquo
378 1559 489 1629 priscas
514 1558 628 1630 conlegi
650 1575 769 1615 munere
792 1558 878 1627 vires,

149 1648 190 1708 Et
212 1669 277 1709 mea
300 1653 481 1710 commodior
504 1652 627 1710 carbasa
649 1657 752 1710 ventus
776 1652 836 1718 alit,

107 1745 197 1818 quue
220 1747 276 1818 piis
300 1752 387 1819 atque
410 1747 537 1805 assiduis
561 1765 624 1804 sum
646 1751 734 1805 nacta
756 1747 897 1819 querelis:

150 1840 221 1898 Vult
244 1843 351 1899 etenim
374 1842 498 1914 gemitus
523 1846 553 1899 et
574 1842 624 1914 pia
646 1847 715 1900 vota
736 1840 826 1900 Deus

76 1935 191 1995 5Vana
214 1937 384 2008 superstitio
409 1937 557 2009 sepelitur,
582 1953 657 1994 vana
678 1935 785 2008 libid0;

149 2030 190 2087 Et
213 2047 334 2089 concors
358 2032 419 2088 veri
444 2032 549 2089 crescit
572 2032 647 2089 ovile
669 2031 735 2102 Dei,

104 2123 218 2182 Crescit
241 2129 270 2182 et
293 2130 424 2198 augetur,
451 2124 561 2182 Christi
583 2130 726 2197 purgatur
748 2125 832 2194 ovile,

147 2219 192 2277 Ac
213 2220 313 2292 prodit
335 2221 419 2292 pulsa
441 2218 518 2277 nube
541 2236 646 2277 serena
670 2218 740 2277 dies

107 2314 245 2386 Quaeque
269 2314 319 2372 diu
342 2315 433 2373 iacuit
456 2315 554 2372 densis
578 2331 719 2386 oppressa
743 2314 871 2372 tenebris

57 2427 90 2469 ·10
150 2408 254 2467 Prodit
277 2426 341 2466 cum
365 2426 437 2467 sana
458 2410 600 2482 religione
623 2408 707 2467 fides.

104 2503 167 2574 Qua
188 2503 253 2562 sola
278 2503 395 2562 Christo
418 2504 489 2562 iusti
512 2510 683 2576 reputamur
705 2508 735 2561 et
757 2504 836 2560 illam

146 2597 330 2671 Ingredimur
351 2615 425 2671 quae
448 2616 502 2657 nos
525 2599 607 2656 ducit
628 2599 667 2656 ad
690 2602 771 2655 astra
792 2599 878 2667 viam,

103 2691 268 2765 Sanctaque
291 2693 413 2751 libertas
435 2693 549 2751 nebulis
574 2708 722 2764 emergere
747 2692 852 2763 coepit,

146 2787 228 2857 Quae
251 2788 343 2845 iacuit
366 2788 481 2846 miseris
505 2787 685 2845 dedecorata
707 2786 811 2844 modis.

60 2899 88 2942 15
102 2881 188 2954 Ergo
207 2882 295 2940 hodie
318 2883 427 2940 nostris
450 2881 521 2940 felix
544 2881 702 2939 concordia
725 2881 812 2938 terris

146 2976 261 3050 Surget,
287 2982 316 3035 et
339 2995 429 3035 aurea
450 2994 526 3035 nuno
550 2982 683 3047 tempora
706 2993 807 3033 rursus
831 2981 924 3033 crunt.

279 3276 486 3334 Pnnrrrvs
510 3260 826 3334 nnann'cnrnon.

403 3415 524 3486 Imago
549 3414 687 3472 somnii.

104 3524 226 3584 Aiacem
249 3526 309 3583 vidi
332 3532 467 3595 stantem,
492 3525 629 3584 iuvenilia
651 3524 789 3592 membra,

146 3618 202 3690 Qui
224 3620 295 3680 fulvi
318 3621 436 3679 indutus
459 3620 533 3693 pelle
559 3620 650 3678 leonis
675 3623 754 3691 erat3
