<?xml version="1.0" encoding="UTF-8"?>
<!DOCTYPE html PUBLIC "-//W3C//DTD XHTML 1.0 Transitional//EN"
    "http://www.w3.org/TR/xhtml1/DTD/xhtml1-transitional.dtd">
<html xmlns="http://www.w3.org/1999/xhtml" xml:lang="en" lang="en">
 <head>
  <title>
</title>
<meta http-equiv="Content-Type" content="text/html;charset=utf-8" />
  <meta name='ocr-system' content='tesseract 3.04.00' />
  <meta name='ocr-capabilities' content='ocr_page ocr_carea ocr_par ocr_line ocrx_word'/>
</head>
<body>
  <div class='ocr_page' id='page_1' title='image "./deutschelyriker01elligoog_0120.png"; bbox 0 0 2476 4050; ppageno 0'>
   <div class='ocr_carea' id='block_1_1' title="bbox 378 647 866 841">
    <p class='ocr_par' dir='ltr' id='par_1_1' title="bbox 378 647 866 841">
     <span class='ocr_line' id='line_1_1' title="bbox 603 647 653 702; baseline 0 0"><span class='ocrx_word' id='word_1_1' title='bbox 603 647 653 702; x_wconf 76' lang='lat' dir='ltr'>vl.</span> 
     </span>
     <span class='ocr_line' id='line_1_2' title="bbox 378 782 866 841; baseline 0 -2"><span class='ocrx_word' id='word_1_2' title='bbox 378 782 599 840; x_wconf 81' lang='lat' dir='ltr'>IOACHIMVS</span> <span class='ocrx_word' id='word_1_3' title='bbox 622 783 866 841; x_wconf 87' lang='lat' dir='ltr'>MYNSINGER.</span> 
     </span>
    </p>
   </div>
   <div class='ocr_carea' id='block_1_2' title="bbox 262 905 943 985">
    <p class='ocr_par' dir='ltr' id='par_1_2' title="bbox 262 905 943 985">
     <span class='ocr_line' id='line_1_3' title="bbox 262 905 943 985; baseline 0 -15"><span class='ocrx_word' id='word_1_4' title='bbox 262 905 266 911; x_wconf 78' lang='grc'><strong>’</strong></span> <span class='ocrx_word' id='word_1_5' title='bbox 298 913 337 970; x_wconf 93' lang='lat' dir='ltr'>In</span> <span class='ocrx_word' id='word_1_6' title='bbox 360 915 607 971; x_wconf 80' lang='lat' dir='ltr'>ascensionem</span> <span class='ocrx_word' id='word_1_7' title='bbox 630 912 765 970; x_wconf 83' lang='lat' dir='ltr'>Christi</span> <span class='ocrx_word' id='word_1_8' title='bbox 787 914 943 985; x_wconf 88' lang='lat' dir='ltr'>hymnus.</span> 
     </span>
    </p>
   </div>
   <div class='ocr_carea' id='block_1_3' title="bbox 286 1033 887 1375">
    <p class='ocr_par' dir='ltr' id='par_1_3' title="bbox 286 1033 887 1295">
     <span class='ocr_line' id='line_1_4' title="bbox 287 1033 887 1104; baseline 0.002 -14"><span class='ocrx_word' id='word_1_9' title='bbox 287 1033 411 1104; x_wconf 81' lang='lat' dir='ltr'><strong>Christe,</strong></span> <span class='ocrx_word' id='word_1_10' title='bbox 437 1035 579 1091; x_wconf 88' lang='lat' dir='ltr'>stellantis</span> <span class='ocrx_word' id='word_1_11' title='bbox 604 1035 773 1092; x_wconf 80' lang='lat' dir='ltr'>moderator</span> <span class='ocrx_word' id='word_1_12' title='bbox 794 1035 887 1102; x_wconf 88' lang='lat' dir='ltr'>aulae,</span> 
     </span>
     <span class='ocr_line' id='line_1_5' title="bbox 286 1130 824 1201; baseline -0.002 -16"><span class='ocrx_word' id='word_1_13' title='bbox 286 1131 400 1186; x_wconf 77' lang='lat' dir='ltr'>Auctor</span> <span class='ocrx_word' id='word_1_14' title='bbox 422 1130 541 1186; x_wconf 79' lang='lat' dir='ltr'>huniani</span> <span class='ocrx_word' id='word_1_15' title='bbox 563 1131 688 1201; x_wconf 69' lang='lat' dir='ltr'>generis</span> <span class='ocrx_word' id='word_1_16' title='bbox 713 1135 824 1188; x_wconf 85' lang='lat' dir='ltr'>creator</span> 
     </span>
     <span class='ocr_line' id='line_1_6' title="bbox 289 1223 789 1295; baseline -0.006 -14"><span class='ocrx_word' id='word_1_17' title='bbox 289 1223 374 1281; x_wconf 89' lang='lat' dir='ltr'>Orbis</span> <span class='ocrx_word' id='word_1_18' title='bbox 399 1229 428 1280; x_wconf 93' lang='lat' dir='ltr'>et</span> <span class='ocrx_word' id='word_1_19' title='bbox 451 1225 525 1280; x_wconf 88' lang='lat' dir='ltr'>vasti</span> <span class='ocrx_word' id='word_1_20' title='bbox 549 1225 645 1295; x_wconf 84' lang='lat' dir='ltr'>pelagi</span> <span class='ocrx_word' id='word_1_21' title='bbox 667 1224 789 1281; x_wconf 83' lang='lat' dir='ltr'>iacentis</span> 
     </span>
    </p>

    <p class='ocr_par' dir='ltr' id='par_1_4' title="bbox 390 1318 649 1375">
     <span class='ocr_line' id='line_1_7' title="bbox 390 1318 649 1375; baseline 0 -1"><span class='ocrx_word' id='word_1_22' title='bbox 390 1318 430 1374; x_wconf 86' lang='lat' dir='ltr'>Et</span> <span class='ocrx_word' id='word_1_23' title='bbox 453 1324 535 1375; x_wconf 91' lang='lat' dir='ltr'>sator</span> <span class='ocrx_word' id='word_1_24' title='bbox 557 1318 649 1375; x_wconf 81' lang='lat' dir='ltr'>idern!</span> 
     </span>
    </p>
   </div>
   <div class='ocr_carea' id='block_1_4' title="bbox 285 1471 845 1824">
    <p class='ocr_par' dir='ltr' id='par_1_5' title="bbox 290 1471 820 1530">
     <span class='ocr_line' id='line_1_8' title="bbox 290 1471 820 1530; baseline 0 -2"><span class='ocrx_word' id='word_1_25' title='bbox 290 1471 337 1528; x_wconf 84' lang='lat' dir='ltr'>En</span> <span class='ocrx_word' id='word_1_26' title='bbox 360 1477 409 1530; x_wconf 87' lang='lat' dir='ltr'>tuo</span> <span class='ocrx_word' id='word_1_27' title='bbox 435 1473 560 1530; x_wconf 86' lang='lat' dir='ltr'>coniunx</span> <span class='ocrx_word' id='word_1_28' title='bbox 583 1472 717 1529; x_wconf 83' lang='lat' dir='ltr'>radiante</span> <span class='ocrx_word' id='word_1_29' title='bbox 740 1472 820 1528; x_wconf 87' lang='lat' dir='ltr'>vultu</span> 
     </span>
    </p>

    <p class='ocr_par' dir='ltr' id='par_1_6' title="bbox 286 1566 818 1625">
     <span class='ocr_line' id='line_1_9' title="bbox 286 1566 818 1625; baseline -0.002 -2"><span class='ocrx_word' id='word_1_30' title='bbox 286 1566 362 1624; x_wconf 85' lang='lat' dir='ltr'>Diva</span> <span class='ocrx_word' id='word_1_31' title='bbox 384 1567 504 1625; x_wconf 80' lang='lat' dir='ltr'>Tithoni</span> <span class='ocrx_word' id='word_1_32' title='bbox 527 1568 667 1625; x_wconf 91' lang='lat' dir='ltr'>revehens</span> <span class='ocrx_word' id='word_1_33' title='bbox 691 1567 818 1623; x_wconf 86' lang='lat' dir='ltr'>dicatam</span> 
     </span>
    </p>

    <p class='ocr_par' dir='ltr' id='par_1_7' title="bbox 285 1660 845 1824">
     <span class='ocr_line' id='line_1_10' title="bbox 285 1660 845 1734; baseline -0.004 -15"><span class='ocrx_word' id='word_1_34' title='bbox 285 1662 408 1719; x_wconf 86' lang='lat' dir='ltr'>&#39;Numini</span> <span class='ocrx_word' id='word_1_35' title='bbox 430 1663 532 1732; x_wconf 86' lang='lat' dir='ltr'>lucem,</span> <span class='ocrx_word' id='word_1_36' title='bbox 558 1679 631 1734; x_wconf 84' lang='lat' dir='ltr'>vaga</span> <span class='ocrx_word' id='word_1_37' title='bbox 654 1663 711 1718; x_wconf 86' lang='lat' dir='ltr'>iarn</span> <span class='ocrx_word' id='word_1_38' title='bbox 734 1660 845 1733; x_wconf 83' lang='lat' dir='ltr'>fugavit</span> 
     </span>
     <span class='ocr_line' id='line_1_11' title="bbox 391 1757 609 1824; baseline 0 -10"><span class='ocrx_word' id='word_1_39' title='bbox 391 1758 495 1814; x_wconf 78' lang='lat' dir='ltr'>Sidera</span> <span class='ocrx_word' id='word_1_40' title='bbox 519 1757 609 1824; x_wconf 86' lang='lat' dir='ltr'>caelo,</span> 
     </span>
    </p>
   </div>
   <div class='ocr_carea' id='block_1_5' title="bbox 289 1909 883 2252">
    <p class='ocr_par' dir='ltr' id='par_1_8' title="bbox 289 1909 831 1982">
     <span class='ocr_line' id='line_1_12' title="bbox 289 1909 831 1982; baseline -0.004 -14"><span class='ocrx_word' id='word_1_41' title='bbox 289 1911 336 1968; x_wconf 88' lang='lat' dir='ltr'>En</span> <span class='ocrx_word' id='word_1_42' title='bbox 359 1910 436 1968; x_wconf 89' lang='lat' dir='ltr'>diem</span> <span class='ocrx_word' id='word_1_43' title='bbox 458 1910 571 1982; x_wconf 88' lang='lat' dir='ltr'>profert</span> <span class='ocrx_word' id='word_1_44' title='bbox 594 1909 686 1966; x_wconf 85' lang='lat' dir='ltr'>Erebi</span> <span class='ocrx_word' id='word_1_45' title='bbox 709 1909 831 1966; x_wconf 85' lang='lat' dir='ltr'>subacto</span> 
     </span>
    </p>

    <p class='ocr_par' dir='ltr' id='par_1_9' title="bbox 291 2005 883 2078">
     <span class='ocr_line' id='line_1_13' title="bbox 291 2005 883 2078; baseline -0.003 -15"><span class='ocrx_word' id='word_1_46' title='bbox 291 2006 370 2078; x_wconf 84' lang='lat' dir='ltr'>Rege</span> <span class='ocrx_word' id='word_1_47' title='bbox 393 2006 452 2062; x_wconf 88' lang='lat' dir='ltr'>ianr</span> <span class='ocrx_word' id='word_1_48' title='bbox 474 2023 561 2062; x_wconf 88' lang='lat' dir='ltr'>saevo</span> <span class='ocrx_word' id='word_1_49' title='bbox 585 2010 614 2062; x_wconf 91' lang='lat' dir='ltr'>et</span> <span class='ocrx_word' id='word_1_50' title='bbox 637 2005 756 2076; x_wconf 90' lang='lat' dir='ltr'>proprio</span> <span class='ocrx_word' id='word_1_51' title='bbox 780 2021 883 2061; x_wconf 88' lang='lat' dir='ltr'>cruore</span> 
     </span>
    </p>

    <p class='ocr_par' dir='ltr' id='par_1_10' title="bbox 290 2098 841 2252">
     <span class='ocr_line' id='line_1_14' title="bbox 290 2098 841 2173; baseline -0.002 -16"><span class='ocrx_word' id='word_1_52' title='bbox 290 2100 415 2173; x_wconf 88' lang='lat' dir='ltr'>Propter</span> <span class='ocrx_word' id='word_1_53' title='bbox 437 2101 555 2157; x_wconf 86' lang='lat' dir='ltr'>humani</span> <span class='ocrx_word' id='word_1_54' title='bbox 578 2100 692 2172; x_wconf 82' lang='lat' dir='ltr'>generis</span> <span class='ocrx_word' id='word_1_55' title='bbox 715 2098 841 2156; x_wconf 84' lang='lat' dir='ltr'>nefanda</span> 
     </span>
     <span class='ocr_line' id='line_1_15' title="bbox 391 2193 618 2252; baseline -0.009 -1"><span class='ocrx_word' id='word_1_56' title='bbox 391 2193 520 2252; x_wconf 85' lang='lat' dir='ltr'>Crimina</span> <span class='ocrx_word' id='word_1_57' title='bbox 543 2194 618 2251; x_wconf 88' lang='lat' dir='ltr'>fuso.</span> 
     </span>
    </p>
   </div>
   <div class='ocr_carea' id='block_1_6' title="bbox 288 2347 940 2703">
    <p class='ocr_par' dir='ltr' id='par_1_11' title="bbox 288 2347 940 2419">
     <span class='ocr_line' id='line_1_16' title="bbox 288 2347 940 2419; baseline -0.003 -15"><span class='ocrx_word' id='word_1_58' title='bbox 288 2347 390 2419; x_wconf 80' lang='lat' dir='ltr'>Regna</span> <span class='ocrx_word' id='word_1_59' title='bbox 413 2365 468 2419; x_wconf 87' lang='lat' dir='ltr'>qua</span> <span class='ocrx_word' id='word_1_60' title='bbox 492 2348 607 2404; x_wconf 85' lang='lat' dir='ltr'>scandis</span> <span class='ocrx_word' id='word_1_61' title='bbox 631 2348 723 2418; x_wconf 92' lang='lat' dir='ltr'>patris</span> <span class='ocrx_word' id='word_1_62' title='bbox 747 2347 806 2404; x_wconf 86' lang='lat' dir='ltr'>alta</span> <span class='ocrx_word' id='word_1_63' title='bbox 828 2347 940 2413; x_wconf 87' lang='lat' dir='ltr'>summi,</span> 
     </span>
    </p>

    <p class='ocr_par' dir='ltr' id='par_1_12' title="bbox 288 2442 816 2511">
     <span class='ocr_line' id='line_1_17' title="bbox 288 2442 816 2511; baseline 0 -12"><span class='ocrx_word' id='word_1_64' title='bbox 288 2442 369 2499; x_wconf 88' lang='lat' dir='ltr'>Haec</span> <span class='ocrx_word' id='word_1_65' title='bbox 392 2443 454 2500; x_wconf 89' lang='lat' dir='ltr'>dies</span> <span class='ocrx_word' id='word_1_66' title='bbox 477 2442 548 2499; x_wconf 82' lang='lat' dir='ltr'>felix</span> <span class='ocrx_word' id='word_1_67' title='bbox 570 2442 719 2498; x_wconf 90' lang='lat' dir='ltr'>redeuntis</span> <span class='ocrx_word' id='word_1_68' title='bbox 743 2442 816 2511; x_wconf 87' lang='lat' dir='ltr'>aevi,</span> 
     </span>
    </p>

    <p class='ocr_par' dir='ltr' id='par_1_13' title="bbox 292 2536 816 2703">
     <span class='ocr_line' id='line_1_18' title="bbox 292 2536 816 2609; baseline 0.006 -18"><span class='ocrx_word' id='word_1_69' title='bbox 292 2536 345 2594; x_wconf 91' lang='grc'><strong>1113</strong></span> <span class='ocrx_word' id='word_1_70' title='bbox 369 2538 407 2593; x_wconf 92' lang='lat' dir='ltr'>sit</span> <span class='ocrx_word' id='word_1_71' title='bbox 429 2536 512 2594; x_wconf 92' lang='lat' dir='ltr'>nobis</span> <span class='ocrx_word' id='word_1_72' title='bbox 537 2537 565 2593; x_wconf 91' lang='lat' dir='ltr'>in</span> <span class='ocrx_word' id='word_1_73' title='bbox 589 2537 699 2593; x_wconf 89' lang='lat' dir='ltr'>honore</span> <span class='ocrx_word' id='word_1_74' title='bbox 723 2537 816 2609; x_wconf 86' lang='lat' dir='ltr'>sitque</span> 
     </span>
     <span class='ocr_line' id='line_1_19' title="bbox 390 2633 667 2703; baseline -0.007 -15"><span class='ocrx_word' id='word_1_75' title='bbox 390 2633 520 2689; x_wconf 86' lang='lat' dir='ltr'>Maxima</span> <span class='ocrx_word' id='word_1_76' title='bbox 544 2648 667 2703; x_wconf 87' lang='lat' dir='ltr'>semper,</span> 
     </span>
    </p>
   </div>
   <div class='ocr_carea' id='block_1_7' title="bbox 288 2785 916 3141">
    <p class='ocr_par' dir='ltr' id='par_1_14' title="bbox 288 2785 859 2856">
     <span class='ocr_line' id='line_1_20' title="bbox 288 2785 859 2856; baseline -0.004 -14"><span class='ocrx_word' id='word_1_77' title='bbox 288 2786 351 2855; x_wconf 81' lang='lat' dir='ltr'>Qua</span> <span class='ocrx_word' id='word_1_78' title='bbox 375 2787 421 2844; x_wconf 88' lang='lat' dir='ltr'>die</span> <span class='ocrx_word' id='word_1_79' title='bbox 446 2786 562 2842; x_wconf 88' lang='lat' dir='ltr'>scandis</span> <span class='ocrx_word' id='word_1_80' title='bbox 586 2786 681 2856; x_wconf 87' lang='lat' dir='ltr'>spatia</span> <span class='ocrx_word' id='word_1_81' title='bbox 705 2786 764 2842; x_wconf 88' lang='lat' dir='ltr'>alta</span> <span class='ocrx_word' id='word_1_82' title='bbox 787 2785 859 2842; x_wconf 86' lang='lat' dir='ltr'>caeli</span> 
     </span>
    </p>

    <p class='ocr_par' dir='ltr' id='par_1_15' title="bbox 288 2879 869 2953">
     <span class='ocr_line' id='line_1_21' title="bbox 288 2879 869 2953; baseline -0.005 -16"><span class='ocrx_word' id='word_1_83' title='bbox 288 2882 407 2953; x_wconf 82' lang='lat' dir='ltr'>Quaque</span> <span class='ocrx_word' id='word_1_84' title='bbox 430 2881 566 2937; x_wconf 91' lang='lat' dir='ltr'>viderunt</span> <span class='ocrx_word' id='word_1_85' title='bbox 587 2880 693 2936; x_wconf 90' lang='lat' dir='ltr'>nebula</span> <span class='ocrx_word' id='word_1_86' title='bbox 716 2879 869 2946; x_wconf 86' lang='lat' dir='ltr'>volantem,</span> 
     </span>
    </p>

    <p class='ocr_par' dir='ltr' id='par_1_16' title="bbox 289 2973 916 3141">
     <span class='ocr_line' id='line_1_22' title="bbox 289 2973 916 3046; baseline -0.002 -15"><span class='ocrx_word' id='word_1_87' title='bbox 289 2974 414 3044; x_wconf 83' lang='lat' dir='ltr'>Christe,</span> <span class='ocrx_word' id='word_1_88' title='bbox 440 2975 554 3046; x_wconf 82' lang='lat' dir='ltr'>discipli</span> <span class='ocrx_word' id='word_1_89' title='bbox 578 2980 608 3031; x_wconf 90' lang='lat' dir='ltr'>et</span> <span class='ocrx_word' id='word_1_90' title='bbox 631 2976 692 3031; x_wconf 92' lang='lat' dir='ltr'>sine</span> <span class='ocrx_word' id='word_1_91' title='bbox 715 2974 780 3031; x_wconf 81' lang='lat' dir='ltr'>labe</span> <span class='ocrx_word' id='word_1_92' title='bbox 803 2973 916 3046; x_wconf 83' lang='lat' dir='ltr'>fulgens</span> 
     </span>
     <span class='ocr_line' id='line_1_23' title="bbox 392 3070 630 3141; baseline -0.013 -14"><span class='ocrx_word' id='word_1_93' title='bbox 392 3070 433 3127; x_wconf 90' lang='lat' dir='ltr'>Te</span> <span class='ocrx_word' id='word_1_94' title='bbox 456 3071 506 3141; x_wconf 90' lang='lat' dir='ltr'>pia</span> <span class='ocrx_word' id='word_1_95' title='bbox 528 3074 630 3127; x_wconf 85' lang='lat' dir='ltr'>rnater.</span> 
     </span>
    </p>
   </div>
   <div class='ocr_carea' id='block_1_8' title="bbox 203 3223 885 3580">
    <p class='ocr_par' dir='ltr' id='par_1_17' title="bbox 288 3223 885 3294">
     <span class='ocr_line' id='line_1_24' title="bbox 288 3223 885 3294; baseline -0.002 -14"><span class='ocrx_word' id='word_1_96' title='bbox 288 3223 437 3280; x_wconf 84' lang='lat' dir='ltr'>Adsernnt</span> <span class='ocrx_word' id='word_1_97' title='bbox 461 3228 552 3280; x_wconf 89' lang='lat' dir='ltr'>testes</span> <span class='ocrx_word' id='word_1_98' title='bbox 577 3224 665 3280; x_wconf 82' lang='lat' dir='ltr'>etiarn</span> <span class='ocrx_word' id='word_1_99' title='bbox 688 3223 744 3280; x_wconf 92' lang='lat' dir='ltr'>hoc</span> <span class='ocrx_word' id='word_1_100' title='bbox 767 3223 885 3294; x_wconf 88' lang='lat' dir='ltr'>probati</span> 
     </span>
    </p>

    <p class='ocr_par' dir='ltr' id='par_1_18' title="bbox 203 3318 871 3390">
     <span class='ocr_line' id='line_1_25' title="bbox 203 3318 871 3390; baseline 0.001 -16"><span class='ocrx_word' id='word_1_101' title='bbox 203 3380 205 3384; x_wconf 11' lang='grc' dir='ltr'><em>Α</em></span> <span class='ocrx_word' id='word_1_102' title='bbox 287 3318 321 3374; x_wconf 90' lang='lat' dir='ltr'>In</span> <span class='ocrx_word' id='word_1_103' title='bbox 344 3319 426 3375; x_wconf 87' lang='lat' dir='ltr'>stolis</span> <span class='ocrx_word' id='word_1_104' title='bbox 451 3318 533 3388; x_wconf 87' lang='lat' dir='ltr'>albis,</span> <span class='ocrx_word' id='word_1_105' title='bbox 559 3318 687 3390; x_wconf 82' lang='lat' dir='ltr'>loquitur</span> <span class='ocrx_word' id='word_1_106' title='bbox 709 3335 762 3389; x_wconf 91' lang='lat' dir='ltr'>per</span> <span class='ocrx_word' id='word_1_107' title='bbox 784 3335 871 3375; x_wconf 87' lang='lat' dir='ltr'>auras</span> 
     </span>
    </p>

    <p class='ocr_par' dir='ltr' id='par_1_19' title="bbox 286 3414 821 3580">
     <span class='ocr_line' id='line_1_26' title="bbox 286 3414 821 3485; baseline 0.002 -16"><span class='ocrx_word' id='word_1_108' title='bbox 286 3414 363 3470; x_wconf 85' lang='lat' dir='ltr'>Vox:</span> <span class='ocrx_word' id='word_1_109' title='bbox 389 3414 421 3470; x_wconf 90' lang='lat' dir='ltr'>Io</span> <span class='ocrx_word' id='word_1_110' title='bbox 446 3414 508 3484; x_wconf 74' lang='lat' dir='ltr'>regi</span> <span class='ocrx_word' id='word_1_111' title='bbox 532 3429 653 3485; x_wconf 89' lang='lat' dir='ltr'>superas</span> <span class='ocrx_word' id='word_1_112' title='bbox 676 3414 821 3484; x_wconf 86' lang='lat' dir='ltr'>triumphe</span> 
     </span>
     <span class='ocr_line' id='line_1_27' title="bbox 388 3508 656 3580; baseline -0.004 -16"><span class='ocrx_word' id='word_1_113' title='bbox 388 3508 513 3566; x_wconf 87' lang='lat' dir='ltr'>Pandite</span> <span class='ocrx_word' id='word_1_114' title='bbox 538 3508 656 3580; x_wconf 89' lang='lat' dir='ltr'>portas!</span> 
     </span>
    </p>
   </div>
   <div class='ocr_carea' id='block_1_9' title="bbox 0 0 1242 4050">
    <p class='ocr_par' dir='ltr' id='par_1_20' title="bbox 0 0 1242 4050">
     <span class='ocr_line' id='line_1_28' title="bbox 0 0 1242 4050; baseline 0 1"><span class='ocrx_word' id='word_1_115' title='bbox 0 0 1242 4050; x_wconf 95' lang='lat' dir='ltr'> </span> 
     </span>
    </p>
   </div>
  </div>
 </body>
</html>
