2476 4050
341 204 361 247 1.
384 203 504 247 111111
526 203 689 250 terremus
711 205 878 252 snovunva
1061 197 1097 254 13

169 380 328 448 Hactenus,
353 384 382 436 et
404 379 490 436 viridi
514 380 605 436 cinxit
627 397 692 438 mea
715 386 848 452 tempora
870 388 965 454 myrto

209 474 250 531 Et
272 474 375 530 leviter
396 474 494 530 ridens
519 474 619 531 ‘Haec’
644 476 686 532 ait
710 479 801 532 ‘arma
823 476 927 547 geres'.

104 588 158 634 x15
173 568 307 625 Exsolvit
329 568 473 640 promissa
494 568 601 637 VenuS,
626 568 752 626 feliciter
774 570 842 638 arsi,

214 664 303 734 Inque
327 680 390 720 mee
414 663 522 719 nullum
545 664 654 720 crimen
676 680 776 720 amore
799 662 868 735 fuit3

173 757 247 826 Quin
269 758 357 814 ctiam
379 757 439 814 voti
464 774 582 829 compos
605 775 681 815 nova
705 758 921 827 caminatam,

212 853 253 909 At
276 853 333 909 cito
356 852 488 909 laetitiae
511 869 587 908 nunc
609 853 680 909 mihi
701 851 767 909 finis
791 853 884 909 adest.

170 947 210 1003 Et
231 946 349 1004 merito!
374 946 450 1016 Quid
473 947 549 1003 euim
571 945 708 1018 frangens
732 963 797 1003 mea
821 947 974 1006 commoda
995 947 1078 1022 fugi?

128 1061 156 1101 ao
213 1041 318 1099 Vtilius
341 1040 438 1098 fuerat
460 1058 518 1098 nou
542 1040 679 1098 habuisse
702 1040 802 1112 pedes.

168 1137 251 1193 Nunc
274 1142 304 1194 et
326 1153 409 1193 amor
430 1137 556 1207 gravius,
581 1136 648 1207 quia
671 1136 755 1207 signa
776 1136 955 1207 reliquimus
978 1139 1037 1195 urit

211 1231 252 1288 Et
274 1231 378 1302 rapido
402 1231 503 1302 longas
525 1231 655 1288 vindicat
677 1231 743 1302 igne
766 1231 837 1287 vias.

171 1326 367 1397 Pollicitisque
390 1324 478 1382 fidem
500 1324 582 1382 iubet
604 1324 713 1382 addere
737 1330 831 1382 mater
853 1326 970 1395 amoris

212 1420 348 1478 Contulit
372 1425 401 1476 et
425 1437 536 1487 saevas,
561 1437 596 1476 ne
620 1420 657 1476 sit
680 1419 781 1487 inulta,
806 1418 896 1477 faces.

127 1536 155 1576 aa
170 1517 273 1573 Nonne
296 1513 351 1571 fuit
374 1515 476 1571 mehus
500 1514 634 1572 dominae
658 1515 766 1580 servire
790 1515 916 1585 puellae‚'

215 1609 342 1666 Cernere
365 1625 452 1679 quarn
474 1607 578 1663 tumidi
598 1608 669 1664 litus
692 1614 845 1679 utrumque
868 1606 975 1666 maris?

173 1703 249 1773 Quid
271 1702 343 1758 mihi
366 1718 429 1756 cum
452 1699 565 1771 pelago,
589 1717 654 1757 mea
677 1701 701 1756 si
724 1701 827 1758 tellure
850 1708 1001 1760 morantur

217 1796 340 1864 Gaudia,
366 1795 390 1851 si
413 1795 517 1866 puppis
540 1812 598 1852 nou
621 1794 701 1851 vehit
722 1811 780 1851 una
803 1793 896 1852 duos?

174 1892 297 1950 Caerula
319 1890 465 1947 mutandis
488 1890 567 1946 haud
589 1889 734 1946 mercibus
758 1906 886 1962 aequora
909 1891 999 1960 sulco,

130 2008 158 2048 ao
216 1988 307 2044 Terra
329 1986 400 2043 sat-is
423 2001 542 2056 magnas
567 1986 644 2041 culta
666 1985 812 2041 ministrat
836 2002 916 2056 opes

171 2083 234 2139 Nec
257 2071 406 2152 Zephyros
428 2079 524 2136 nautis
548 2084 627 2150 opto,
653 2079 705 2136 sed
728 2079 893 2136 amantibus
916 2085 1010 2152 aptoS,

163 2216 167 2224 .
217 2175 293 2244 Quid
315 2174 386 2230 mihi
408 2190 473 2229 cum
495 2173 607 2244 pelago,
633 2173 657 2229 si
680 2190 761 2229 meus
784 2174 859 2246 ignis
883 2173 987 2231 abest?

176 2270 266 2327 Parce
290 2274 340 2325 tuo
363 2267 422 2324 vati
445 2265 522 2343 (uam
546 2284 607 2323 sum
631 2267 719 2341 tuus),
743 2267 819 2325 alma
838 2267 947 2326 Dione!

217 2364 288 2432 Scis
313 2363 376 2432 dea,
401 2362 457 2419 scis
480 2363 556 2419 votis
580 2362 690 2418 crimen
712 2362 816 2420 abesse
839 2364 920 2420 meis.

129 2480 157 2520 11
173 2460 278 2517 Sancte
301 2475 373 2530 puer
394 2459 533 2529 puerique
556 2473 672 2528 parone,
701 2458 824 2514 avertite
849 2475 942 2527 curae,

213 2554 310 2626 Digna
331 2569 437 2623 parens
459 2569 560 2624 puero,
586 2552 672 2624 digne
695 2558 817 2623 parente
839 2553 926 2623 puer!

171 2649 228 2707 Vos
253 2664 374 2720 quoquc,
398 2646 550 2715 Nereides
574 2652 690 2703 veteres
717 2647 893 2717 exstinguite
916 2645 1059 2721 flammas,

214 2743 244 2801 Si
268 2759 324 2814 qua
346 2743 421 2798 viret
443 2746 516 2807 toto,
540 2756 613 2812 quae
637 2741 725 2808 iuvet,
750 2740 842 2797 herba
864 2742 952 2797 mari:

173 2839 228 2895 Pro
253 2837 356 2910 quibus
379 2835 509 2892 occultos
532 2834 615 2891 vohis
638 2850 692 2905 ego
715 2835 817 2891 matris
841 2851 968 2906 aquosae

129 2953 157 2993 ro
216 2932 344 3002 Tethyos
368 2929 517 3000 amplexus
541 2927 706 2999 Oceanique
731 2944 832 2985 canam

173 3027 289 3098 Vosque
312 3023 451 3095 fatigatos
474 3023 594 3080 caelesti
616 3023 746 3095 gramine
770 3022 864 3079 dicam

216 3122 280 3177 Axe
305 3119 357 3176 sub
381 3118 525 3189 Hesperio
548 3134 670 3188 pascere
694 3116 769 3175 Solis
793 3134 892 3190 equos.

173 3216 255 3273 Vana
277 3231 391 3287 precor,
416 3213 534 3270 surdum
557 3212 633 3270 votis
658 3212 857 3270 obmurmurat
880 3230 998 3286 aequor,

215 3310 272 3367 Hei
294 3309 374 3377 mihi,
398 3307 591 3380 tranquillum,
616 3307 694 3380 quod
717 3312 795 3379 peto,
819 3307 888 3364 litus
910 3307 959 3365 ubi
984 3304 1051 3366 cst?

130 3423 158 3464 45
173 3404 324 3476 Torqueor
346 3409 377 3461 et
399 3408 517 3460 cunctas
539 3402 696 3459 violentius
718 3418 789 3459 uror
811 3402 841 3458 in
864 3401 952 3460 horas

216 3497 310 3556 Arida
332 3513 386 3554 ceu
408 3495 510 3554 calidis
531 3496 628 3553 uritur
650 3496 717 3568 alga
738 3494 822 3552 focis.

172 3592 257 3651 Felix
279 3596 348 3651 ante
371 3590 454 3663 alios,
476 3590 592 3663 patriae
615 3590 715 3659 decue,
740 3590 850 3662 optime
872 3588 951 3657 Stoi,
