<?xml version="1.0" encoding="UTF-8"?>
<!DOCTYPE html PUBLIC "-//W3C//DTD XHTML 1.0 Transitional//EN"
    "http://www.w3.org/TR/xhtml1/DTD/xhtml1-transitional.dtd">
<html xmlns="http://www.w3.org/1999/xhtml" xml:lang="en" lang="en">
 <head>
  <title>
</title>
<meta http-equiv="Content-Type" content="text/html;charset=utf-8" />
  <meta name='ocr-system' content='tesseract 3.04.00' />
  <meta name='ocr-capabilities' content='ocr_page ocr_carea ocr_par ocr_line ocrx_word'/>
</head>
<body>
  <div class='ocr_page' id='page_1' title='image "./deutschelyriker01elligoog_0158.png"; bbox 0 0 2476 4050; ppageno 0'>
   <div class='ocr_carea' id='block_1_1' title="bbox 142 192 862 250">
    <p class='ocr_par' dir='ltr' id='par_1_1' title="bbox 142 192 862 250">
     <span class='ocr_line' id='line_1_1' title="bbox 142 192 862 250; baseline -0.001 0"><span class='ocrx_word' id='word_1_1' title='bbox 142 192 201 250; x_wconf 87' lang='lat' dir='ltr'>llh</span> <span class='ocrx_word' id='word_1_2' title='bbox 418 202 460 245; x_wconf 83' lang='lat' dir='ltr'>rx.</span> <span class='ocrx_word' id='word_1_3' title='bbox 487 200 640 246; x_wconf 81' lang='lat' dir='ltr'>uroomvs</span> <span class='ocrx_word' id='word_1_4' title='bbox 662 202 862 249; x_wconf 78' lang='lat' dir='ltr'>arroomoms</span> 
     </span>
    </p>
   </div>
   <div class='ocr_carea' id='block_1_2' title="bbox 131 379 1036 3671">
    <p class='ocr_par' dir='ltr' id='par_1_2' title="bbox 131 379 1036 3671">
     <span class='ocr_line' id='line_1_2' title="bbox 179 379 891 452; baseline 0.003 -16"><span class='ocrx_word' id='word_1_5' title='bbox 179 383 274 451; x_wconf 71' lang='lat' dir='ltr'>Quare</span> <span class='ocrx_word' id='word_1_6' title='bbox 299 380 323 436; x_wconf 90' lang='lat' dir='ltr'>si</span> <span class='ocrx_word' id='word_1_7' title='bbox 346 379 461 450; x_wconf 83' lang='lat' dir='ltr'>patriae</span> <span class='ocrx_word' id='word_1_8' title='bbox 485 384 514 437; x_wconf 93' lang='lat' dir='ltr'>te</span> <span class='ocrx_word' id='word_1_9' title='bbox 538 379 633 451; x_wconf 88' lang='lat' dir='ltr'>tangit</span> <span class='ocrx_word' id='word_1_10' title='bbox 656 396 726 437; x_wconf 90' lang='lat' dir='ltr'>cura</span> <span class='ocrx_word' id='word_1_11' title='bbox 748 380 891 452; x_wconf 65' lang='lat' dir='ltr'>salusque</span> 
     </span>
     <span class='ocr_line' id='line_1_3' title="bbox 222 474 828 546; baseline -0.003 -13"><span class='ocrx_word' id='word_1_12' title='bbox 222 475 252 533; x_wconf 88' lang='lat' dir='ltr'>Si</span> <span class='ocrx_word' id='word_1_13' title='bbox 275 480 360 546; x_wconf 89' lang='lat' dir='ltr'>potes</span> <span class='ocrx_word' id='word_1_14' title='bbox 383 474 498 545; x_wconf 91' lang='lat' dir='ltr'>imperii</span> <span class='ocrx_word' id='word_1_15' title='bbox 521 474 753 532; x_wconf 80' lang='lat' dir='ltr'>commeminisse</span> <span class='ocrx_word' id='word_1_16' title='bbox 775 475 828 543; x_wconf 91' lang='lat' dir='ltr'>tui,</span> 
     </span>
     <span class='ocr_line' id='line_1_4' title="bbox 179 567 951 641; baseline -0.001 -12"><span class='ocrx_word' id='word_1_17' title='bbox 179 571 314 629; x_wconf 80' lang='lat' dir='ltr'>Caesaris</span> <span class='ocrx_word' id='word_1_18' title='bbox 338 567 466 626; x_wconf 87' lang='lat' dir='ltr'>officium</span> <span class='ocrx_word' id='word_1_19' title='bbox 487 573 607 640; x_wconf 87' lang='lat' dir='ltr'>praesta</span> <span class='ocrx_word' id='word_1_20' title='bbox 629 573 811 641; x_wconf 84' lang='lat' dir='ltr'>mentemque</span> <span class='ocrx_word' id='word_1_21' title='bbox 833 568 951 628; x_wconf 90' lang='lat' dir='ltr'>fidelem</span> 
     </span>
     <span class='ocr_line' id='line_1_5' title="bbox 134 662 932 737; baseline -0.004 -14"><span class='ocrx_word' id='word_1_22' title='bbox 134 688 163 729; x_wconf 80' lang='lat'>70</span> <span class='ocrx_word' id='word_1_23' title='bbox 220 667 260 723; x_wconf 87' lang='lat' dir='ltr'>Et</span> <span class='ocrx_word' id='word_1_24' title='bbox 283 663 422 737; x_wconf 89' lang='lat' dir='ltr'>quidquid</span> <span class='ocrx_word' id='word_1_25' title='bbox 445 663 562 734; x_wconf 86' lang='lat' dir='ltr'>dignum</span> <span class='ocrx_word' id='word_1_26' title='bbox 586 669 631 721; x_wconf 90' lang='lat' dir='ltr'>est</span> <span class='ocrx_word' id='word_1_27' title='bbox 652 662 781 722; x_wconf 84' lang='lat' dir='ltr'>fascibus</span> <span class='ocrx_word' id='word_1_28' title='bbox 804 664 932 736; x_wconf 89' lang='lat' dir='ltr'>imperii!</span> 
     </span>
     <span class='ocr_line' id='line_1_6' title="bbox 178 756 926 831; baseline -0.003 -12"><span class='ocrx_word' id='word_1_29' title='bbox 178 763 213 820; x_wconf 87' lang='lat' dir='ltr'>Iu</span> <span class='ocrx_word' id='word_1_30' title='bbox 234 760 354 827; x_wconf 87' lang='lat' dir='ltr'>Turcas,</span> <span class='ocrx_word' id='word_1_31' title='bbox 379 758 478 815; x_wconf 91' lang='lat' dir='ltr'>hostes</span> <span class='ocrx_word' id='word_1_32' title='bbox 502 756 620 827; x_wconf 84' lang='lat' dir='ltr'>Christi,</span> <span class='ocrx_word' id='word_1_33' title='bbox 646 764 782 816; x_wconf 89' lang='lat' dir='ltr'>converte</span> <span class='ocrx_word' id='word_1_34' title='bbox 805 763 926 831; x_wconf 89' lang='lat' dir='ltr'>repente</span> 
     </span>
     <span class='ocr_line' id='line_1_7' title="bbox 220 851 901 913; baseline -0.004 0"><span class='ocrx_word' id='word_1_35' title='bbox 220 857 312 913; x_wconf 89' lang='lat' dir='ltr'>Arma</span> <span class='ocrx_word' id='word_1_36' title='bbox 335 857 386 910; x_wconf 91' lang='lat' dir='ltr'>tua</span> <span class='ocrx_word' id='word_1_37' title='bbox 409 856 438 909; x_wconf 89' lang='lat' dir='ltr'>et</span> <span class='ocrx_word' id='word_1_38' title='bbox 460 851 581 909; x_wconf 92' lang='lat' dir='ltr'>verbum</span> <span class='ocrx_word' id='word_1_39' title='bbox 604 853 707 911; x_wconf 89' lang='lat' dir='ltr'>Marte</span> <span class='ocrx_word' id='word_1_40' title='bbox 725 858 808 911; x_wconf 90' lang='lat' dir='ltr'>tuere</span> <span class='ocrx_word' id='word_1_41' title='bbox 831 853 901 911; x_wconf 90' lang='lat' dir='ltr'>Dei!</span> 
     </span>
     <span class='ocr_line' id='line_1_8' title="bbox 178 946 910 1021; baseline -0.004 -12"><span class='ocrx_word' id='word_1_42' title='bbox 178 952 243 1009; x_wconf 87' lang='lat' dir='ltr'>Hoc</span> <span class='ocrx_word' id='word_1_43' title='bbox 266 965 329 1021; x_wconf 83' lang='lat' dir='ltr'>age,</span> <span class='ocrx_word' id='word_1_44' title='bbox 354 948 396 1004; x_wconf 92' lang='lat' dir='ltr'>sic</span> <span class='ocrx_word' id='word_1_45' title='bbox 419 946 517 1004; x_wconf 88' lang='lat' dir='ltr'>veniet</span> <span class='ocrx_word' id='word_1_46' title='bbox 539 964 649 1004; x_wconf 93' lang='lat' dir='ltr'>summo</span> <span class='ocrx_word' id='word_1_47' title='bbox 673 949 796 1006; x_wconf 87' lang='lat' dir='ltr'>victoria</span> <span class='ocrx_word' id='word_1_48' title='bbox 819 949 910 1021; x_wconf 89' lang='lat' dir='ltr'>eaelo,</span> 
     </span>
     <span class='ocr_line' id='line_1_9' title="bbox 220 1042 905 1116; baseline -0.001 -14"><span class='ocrx_word' id='word_1_49' title='bbox 220 1045 267 1102; x_wconf 85' lang='lat' dir='ltr'>Sic</span> <span class='ocrx_word' id='word_1_50' title='bbox 291 1043 409 1115; x_wconf 87' lang='lat' dir='ltr'>cupient</span> <span class='ocrx_word' id='word_1_51' title='bbox 432 1057 531 1099; x_wconf 90' lang='lat' dir='ltr'>omnes</span> <span class='ocrx_word' id='word_1_52' title='bbox 554 1042 634 1099; x_wconf 93' lang='lat' dir='ltr'>iussa</span> <span class='ocrx_word' id='word_1_53' title='bbox 656 1043 784 1100; x_wconf 85' lang='lat' dir='ltr'>verenda</span> <span class='ocrx_word' id='word_1_54' title='bbox 807 1044 905 1116; x_wconf 82' lang='lat' dir='ltr'>sequi3</span> 
     </span>
     <span class='ocr_line' id='line_1_10' title="bbox 132 1136 957 1208; baseline -0.007 -6"><span class='ocrx_word' id='word_1_55' title='bbox 132 1161 161 1203; x_wconf 81' lang='lat'>75</span> <span class='ocrx_word' id='word_1_56' title='bbox 177 1143 217 1198; x_wconf 88' lang='lat' dir='ltr'>At</span> <span class='ocrx_word' id='word_1_57' title='bbox 240 1145 342 1197; x_wconf 90' lang='lat' dir='ltr'>contra</span> <span class='ocrx_word' id='word_1_58' title='bbox 358 1136 515 1200; x_wconf 84' lang='lat' dir='ltr'>Christum</span> <span class='ocrx_word' id='word_1_59' title='bbox 528 1140 557 1194; x_wconf 92' lang='lat' dir='ltr'>te</span> <span class='ocrx_word' id='word_1_60' title='bbox 578 1137 724 1207; x_wconf 81' lang='lat' dir='ltr'>attollere,</span> <span class='ocrx_word' id='word_1_61' title='bbox 750 1136 863 1207; x_wconf 89' lang='lat' dir='ltr'>Carole,</span> <span class='ocrx_word' id='word_1_62' title='bbox 887 1139 957 1208; x_wconf 90' lang='lat' dir='ltr'>noli,</span> 
     </span>
     <span class='ocr_line' id='line_1_11' title="bbox 222 1231 888 1292; baseline -0.003 0"><span class='ocrx_word' id='word_1_63' title='bbox 222 1234 309 1292; x_wconf 86' lang='lat' dir='ltr'>Cuius</span> <span class='ocrx_word' id='word_1_64' title='bbox 332 1249 386 1290; x_wconf 89' lang='lat' dir='ltr'>uos</span> <span class='ocrx_word' id='word_1_65' title='bbox 409 1231 509 1288; x_wconf 90' lang='lat' dir='ltr'>miseri</span> <span class='ocrx_word' id='word_1_66' title='bbox 533 1231 652 1289; x_wconf 90' lang='lat' dir='ltr'>credula</span> <span class='ocrx_word' id='word_1_67' title='bbox 673 1232 760 1289; x_wconf 89' lang='lat' dir='ltr'>turba</span> <span class='ocrx_word' id='word_1_68' title='bbox 783 1250 888 1290; x_wconf 91' lang='lat' dir='ltr'>sumus.</span> 
     </span>
     <span class='ocr_line' id='line_1_12' title="bbox 176 1323 967 1402; baseline -0.003 -14"><span class='ocrx_word' id='word_1_69' title='bbox 176 1332 306 1402; x_wconf 83' lang='lat' dir='ltr'>Eloquar</span> <span class='ocrx_word' id='word_1_70' title='bbox 328 1344 366 1384; x_wconf 87' lang='lat' dir='ltr'>an</span> <span class='ocrx_word' id='word_1_71' title='bbox 388 1323 508 1383; x_wconf 79' lang='lat' dir='ltr'>sileam?</span> <span class='ocrx_word' id='word_1_72' title='bbox 536 1325 646 1383; x_wconf 89' lang='lat' dir='ltr'>Invitus</span> <span class='ocrx_word' id='word_1_73' title='bbox 671 1328 721 1384; x_wconf 91' lang='lat' dir='ltr'>sed</span> <span class='ocrx_word' id='word_1_74' title='bbox 746 1328 843 1385; x_wconf 84' lang='lat' dir='ltr'>dicere</span> <span class='ocrx_word' id='word_1_75' title='bbox 867 1345 967 1401; x_wconf 86' lang='lat' dir='ltr'>cogor,</span> 
     </span>
     <span class='ocr_line' id='line_1_13' title="bbox 218 1420 913 1481; baseline -0.001 0"><span class='ocrx_word' id='word_1_76' title='bbox 218 1425 280 1481; x_wconf 89' lang='lat' dir='ltr'>Nec</span> <span class='ocrx_word' id='word_1_77' title='bbox 304 1426 370 1478; x_wconf 89' lang='lat' dir='ltr'>sunt</span> <span class='ocrx_word' id='word_1_78' title='bbox 392 1420 541 1477; x_wconf 83' lang='lat' dir='ltr'>uersiculis</span> <span class='ocrx_word' id='word_1_79' title='bbox 564 1420 636 1477; x_wconf 92' lang='lat' dir='ltr'>haec</span> <span class='ocrx_word' id='word_1_80' title='bbox 659 1422 810 1480; x_wconf 87' lang='lat' dir='ltr'>reticenda</span> <span class='ocrx_word' id='word_1_81' title='bbox 831 1425 913 1481; x_wconf 90' lang='lat' dir='ltr'>meis.</span> 
     </span>
     <span class='ocr_line' id='line_1_14' title="bbox 177 1515 1018 1590; baseline 0.001 -13"><span class='ocrx_word' id='word_1_82' title='bbox 177 1520 236 1577; x_wconf 90' lang='lat' dir='ltr'>Vos</span> <span class='ocrx_word' id='word_1_83' title='bbox 259 1533 398 1590; x_wconf 87' lang='lat' dir='ltr'>perquam</span> <span class='ocrx_word' id='word_1_84' title='bbox 420 1515 526 1572; x_wconf 90' lang='lat' dir='ltr'>multos</span> <span class='ocrx_word' id='word_1_85' title='bbox 549 1515 610 1572; x_wconf 88' lang='lat' dir='ltr'>vita</span> <span class='ocrx_word' id='word_1_86' title='bbox 632 1515 774 1586; x_wconf 89' lang='lat' dir='ltr'>spoliasse</span> <span class='ocrx_word' id='word_1_87' title='bbox 796 1516 948 1576; x_wconf 89' lang='lat' dir='ltr'>fatendum</span> <span class='ocrx_word' id='word_1_88' title='bbox 971 1525 1018 1578; x_wconf 90' lang='lat' dir='ltr'>est</span> 
     </span>
     <span class='ocr_line' id='line_1_15' title="bbox 132 1610 871 1682; baseline -0.003 -12"><span class='ocrx_word' id='word_1_89' title='bbox 132 1636 161 1676; x_wconf 75' lang='lat' dir='ltr'>so</span> <span class='ocrx_word' id='word_1_90' title='bbox 219 1612 384 1670; x_wconf 90' lang='lat' dir='ltr'>Immeritos</span> <span class='ocrx_word' id='word_1_91' title='bbox 407 1615 529 1682; x_wconf 88' lang='lat' dir='ltr'>propter</span> <span class='ocrx_word' id='word_1_92' title='bbox 551 1610 689 1682; x_wconf 83' lang='lat' dir='ltr'>dogmata</span> <span class='ocrx_word' id='word_1_93' title='bbox 710 1628 784 1682; x_wconf 88' lang='lat' dir='ltr'>pura</span> <span class='ocrx_word' id='word_1_94' title='bbox 805 1612 871 1682; x_wconf 86' lang='lat' dir='ltr'>Dei,</span> 
     </span>
     <span class='ocr_line' id='line_1_16' title="bbox 177 1705 857 1778; baseline -0.006 -11"><span class='ocrx_word' id='word_1_95' title='bbox 177 1710 274 1768; x_wconf 86' lang='lat' dir='ltr'>Exilio</span> <span class='ocrx_word' id='word_1_96' title='bbox 298 1708 461 1778; x_wconf 89' lang='lat' dir='ltr'>multosque</span> <span class='ocrx_word' id='word_1_97' title='bbox 484 1706 549 1777; x_wconf 87' lang='lat' dir='ltr'>pios</span> <span class='ocrx_word' id='word_1_98' title='bbox 572 1705 716 1762; x_wconf 88' lang='lat' dir='ltr'>multastis</span> <span class='ocrx_word' id='word_1_99' title='bbox 741 1705 857 1776; x_wconf 87' lang='lat' dir='ltr'>acerbo,</span> 
     </span>
     <span class='ocr_line' id='line_1_17' title="bbox 219 1801 800 1875; baseline -0.005 -15"><span class='ocrx_word' id='word_1_100' title='bbox 219 1804 259 1875; x_wconf 88' lang='lat' dir='ltr'>Et</span> <span class='ocrx_word' id='word_1_101' title='bbox 281 1802 387 1858; x_wconf 88' lang='lat' dir='ltr'>multos</span> <span class='ocrx_word' id='word_1_102' title='bbox 411 1801 486 1872; x_wconf 83' lang='lat' dir='ltr'>ignis</span> <span class='ocrx_word' id='word_1_103' title='bbox 510 1801 628 1857; x_wconf 88' lang='lat' dir='ltr'>sustulit</span> <span class='ocrx_word' id='word_1_104' title='bbox 650 1801 800 1872; x_wconf 85' lang='lat' dir='ltr'>innocuos,</span> 
     </span>
     <span class='ocr_line' id='line_1_18' title="bbox 178 1895 948 1968; baseline 0 -13"><span class='ocrx_word' id='word_1_105' title='bbox 178 1898 261 1968; x_wconf 76' lang='lat' dir='ltr'>Quod</span> <span class='ocrx_word' id='word_1_106' title='bbox 284 1896 401 1953; x_wconf 87' lang='lat' dir='ltr'>fuerant</span> <span class='ocrx_word' id='word_1_107' title='bbox 423 1911 493 1951; x_wconf 90' lang='lat' dir='ltr'>vero</span> <span class='ocrx_word' id='word_1_108' title='bbox 518 1900 547 1951; x_wconf 89' lang='lat' dir='ltr'>et</span> <span class='ocrx_word' id='word_1_109' title='bbox 570 1895 684 1952; x_wconf 88' lang='lat' dir='ltr'>siucero</span> <span class='ocrx_word' id='word_1_110' title='bbox 709 1896 797 1953; x_wconf 88' lang='lat' dir='ltr'>corde</span> <span class='ocrx_word' id='word_1_111' title='bbox 820 1896 948 1967; x_wconf 88' lang='lat' dir='ltr'>professi</span> 
     </span>
     <span class='ocr_line' id='line_1_19' title="bbox 217 1988 857 2060; baseline -0.002 -13"><span class='ocrx_word' id='word_1_112' title='bbox 217 1989 315 2048; x_wconf 90' lang='lat' dir='ltr'>Verba</span> <span class='ocrx_word' id='word_1_113' title='bbox 338 1988 480 2060; x_wconf 81' lang='lat' dir='ltr'>evangelii</span> <span class='ocrx_word' id='word_1_114' title='bbox 503 1988 703 2060; x_wconf 84' lang='lat' dir='ltr'>praecipiente</span> <span class='ocrx_word' id='word_1_115' title='bbox 726 1989 800 2046; x_wconf 86' lang='lat' dir='ltr'>Deo.</span> <span class='ocrx_word' id='word_1_116' title='bbox 831 2004 857 2032; x_wconf 68' lang='lat'><em>2</em></span> 
     </span>
     <span class='ocr_line' id='line_1_20' title="bbox 131 2082 975 2158; baseline -0.004 -11"><span class='ocrx_word' id='word_1_117' title='bbox 131 2107 160 2148; x_wconf 76' lang='lat' dir='ltr'>aa</span> <span class='ocrx_word' id='word_1_118' title='bbox 175 2088 211 2143; x_wconf 91' lang='lat' dir='ltr'>ld</span> <span class='ocrx_word' id='word_1_119' title='bbox 234 2101 346 2158; x_wconf 92' lang='lat' dir='ltr'>quoque</span> <span class='ocrx_word' id='word_1_120' title='bbox 366 2084 425 2141; x_wconf 90' lang='lat' dir='ltr'>iam</span> <span class='ocrx_word' id='word_1_121' title='bbox 447 2082 559 2155; x_wconf 90' lang='lat' dir='ltr'>pridem</span> <span class='ocrx_word' id='word_1_122' title='bbox 582 2083 714 2141; x_wconf 91' lang='lat' dir='ltr'>molitum</span> <span class='ocrx_word' id='word_1_123' title='bbox 736 2086 868 2142; x_wconf 86' lang='lat' dir='ltr'>novimus</span> <span class='ocrx_word' id='word_1_124' title='bbox 892 2087 975 2156; x_wconf 87' lang='lat' dir='ltr'>eheu,</span> 
     </span>
     <span class='ocr_line' id='line_1_21' title="bbox 218 2180 1022 2254; baseline 0 -15"><span class='ocrx_word' id='word_1_125' title='bbox 218 2181 389 2253; x_wconf 89' lang='lat' dir='ltr'>Opprimere</span> <span class='ocrx_word' id='word_1_126' title='bbox 412 2186 445 2237; x_wconf 90' lang='lat' dir='ltr'>ut</span> <span class='ocrx_word' id='word_1_127' title='bbox 467 2195 569 2250; x_wconf 87' lang='lat' dir='ltr'>posses</span> <span class='ocrx_word' id='word_1_128' title='bbox 593 2195 702 2251; x_wconf 90' lang='lat' dir='ltr'>nosque</span> <span class='ocrx_word' id='word_1_129' title='bbox 726 2197 896 2253; x_wconf 86' lang='lat' dir='ltr'>sacramque</span> <span class='ocrx_word' id='word_1_130' title='bbox 918 2180 1022 2254; x_wconf 76' lang='lat' dir='ltr'>fidem3</span> 
     </span>
     <span class='ocr_line' id='line_1_22' title="bbox 175 2274 996 2347; baseline 0.001 -14"><span class='ocrx_word' id='word_1_131' title='bbox 175 2276 295 2347; x_wconf 88' lang='lat' dir='ltr'>Semper·</span> <span class='ocrx_word' id='word_1_132' title='bbox 318 2281 349 2332; x_wconf 88' lang='lat' dir='ltr'>at</span> <span class='ocrx_word' id='word_1_133' title='bbox 370 2274 472 2330; x_wconf 86' lang='lat' dir='ltr'>iniecit</span> <span class='ocrx_word' id='word_1_134' title='bbox 493 2274 548 2330; x_wconf 91' lang='lat' dir='ltr'>tibi</span> <span class='ocrx_word' id='word_1_135' title='bbox 570 2274 661 2331; x_wconf 92' lang='lat' dir='ltr'>multa</span> <span class='ocrx_word' id='word_1_136' title='bbox 687 2275 839 2332; x_wconf 89' lang='lat' dir='ltr'>obstacula</span> <span class='ocrx_word' id='word_1_137' title='bbox 863 2275 996 2334; x_wconf 91' lang='lat' dir='ltr'>Christus</span> 
     </span>
     <span class='ocr_line' id='line_1_23' title="bbox 219 2368 830 2439; baseline 0.003 -14"><span class='ocrx_word' id='word_1_138' title='bbox 219 2368 356 2426; x_wconf 89' lang='lat' dir='ltr'>Obicieus</span> <span class='ocrx_word' id='word_1_139' title='bbox 381 2368 492 2439; x_wconf 87' lang='lat' dir='ltr'>coeptis</span> <span class='ocrx_word' id='word_1_140' title='bbox 516 2369 642 2425; x_wconf 83' lang='lat' dir='ltr'>maxima</span> <span class='ocrx_word' id='word_1_141' title='bbox 664 2368 741 2426; x_wconf 90' lang='lat' dir='ltr'>bella</span> <span class='ocrx_word' id='word_1_142' title='bbox 765 2370 830 2438; x_wconf 70' lang='lat' dir='ltr'>tuis</span> 
     </span>
     <span class='ocr_line' id='line_1_24' title="bbox 176 2461 945 2536; baseline 0.001 -15"><span class='ocrx_word' id='word_1_143' title='bbox 176 2464 246 2534; x_wconf 73' lang='lat' dir='ltr'>Quis</span> <span class='ocrx_word' id='word_1_144' title='bbox 270 2464 312 2519; x_wconf 91' lang='lat' dir='ltr'>sic</span> <span class='ocrx_word' id='word_1_145' title='bbox 334 2461 491 2534; x_wconf 91' lang='lat' dir='ltr'>implicitus</span> <span class='ocrx_word' id='word_1_146' title='bbox 514 2477 568 2533; x_wconf 89' lang='lat' dir='ltr'>per</span> <span class='ocrx_word' id='word_1_147' title='bbox 590 2465 723 2533; x_wconf 86' lang='lat' dir='ltr'>tempora</span> <span class='ocrx_word' id='word_1_148' title='bbox 745 2463 832 2536; x_wconf 83' lang='lat' dir='ltr'>longa</span> <span class='ocrx_word' id='word_1_149' title='bbox 854 2464 945 2535; x_wconf 83' lang='lat' dir='ltr'>fuisti,</span> 
     </span>
     <span class='ocr_line' id='line_1_25' title="bbox 131 2554 882 2631; baseline -0.007 -11"><span class='ocrx_word' id='word_1_150' title='bbox 131 2579 160 2620; x_wconf 85' lang='lat' dir='ltr'>eo</span> <span class='ocrx_word' id='word_1_151' title='bbox 220 2557 334 2627; x_wconf 87' lang='lat' dir='ltr'>Carole‚</span> <span class='ocrx_word' id='word_1_152' title='bbox 358 2573 394 2614; x_wconf 93' lang='lat' dir='ltr'>ne</span> <span class='ocrx_word' id='word_1_153' title='bbox 417 2572 519 2626; x_wconf 90' lang='lat' dir='ltr'>posses</span> <span class='ocrx_word' id='word_1_154' title='bbox 542 2554 683 2626; x_wconf 88' lang='lat' dir='ltr'>perficere</span> <span class='ocrx_word' id='word_1_155' title='bbox 706 2557 778 2615; x_wconf 90' lang='lat' dir='ltr'>ihud</span> <span class='ocrx_word' id='word_1_156' title='bbox 801 2575 882 2631; x_wconf 90' lang='lat' dir='ltr'>opus.</span> 
     </span>
     <span class='ocr_line' id='line_1_26' title="bbox 176 2649 904 2724; baseline 0 -13"><span class='ocrx_word' id='word_1_157' title='bbox 176 2654 238 2711; x_wconf 91' lang='lat' dir='ltr'>Hos</span> <span class='ocrx_word' id='word_1_158' title='bbox 262 2658 440 2710; x_wconf 87' lang='lat' dir='ltr'>attestantur</span> <span class='ocrx_word' id='word_1_159' title='bbox 463 2668 527 2708; x_wconf 91' lang='lat' dir='ltr'>oum</span> <span class='ocrx_word' id='word_1_160' title='bbox 547 2649 630 2708; x_wconf 87' lang='lat' dir='ltr'>Gallo</span> <span class='ocrx_word' id='word_1_161' title='bbox 654 2651 775 2710; x_wconf 87' lang='lat' dir='ltr'>foedera</span> <span class='ocrx_word' id='word_1_162' title='bbox 796 2655 904 2724; x_wconf 85' lang='lat' dir='ltr'>iuncta,</span> 
     </span>
     <span class='ocr_line' id='line_1_27' title="bbox 217 2747 1008 2821; baseline 0.001 -16"><span class='ocrx_word' id='word_1_163' title='bbox 217 2748 251 2806; x_wconf 89' lang='lat' dir='ltr'>ln</span> <span class='ocrx_word' id='word_1_164' title='bbox 274 2748 377 2821; x_wconf 91' lang='lat' dir='ltr'>quibus</span> <span class='ocrx_word' id='word_1_165' title='bbox 401 2747 547 2818; x_wconf 89' lang='lat' dir='ltr'>expressis</span> <span class='ocrx_word' id='word_1_166' title='bbox 571 2747 643 2804; x_wconf 89' lang='lat' dir='ltr'>haec</span> <span class='ocrx_word' id='word_1_167' title='bbox 666 2764 778 2821; x_wconf 88' lang='lat' dir='ltr'>quoque</span> <span class='ocrx_word' id='word_1_168' title='bbox 803 2755 889 2807; x_wconf 88' lang='lat' dir='ltr'>cauta</span> <span class='ocrx_word' id='word_1_169' title='bbox 914 2750 1008 2808; x_wconf 86' lang='lat' dir='ltr'>notis:</span> 
     </span>
     <span class='ocr_line' id='line_1_28' title="bbox 174 2842 893 2902; baseline 0.003 -2"><span class='ocrx_word' id='word_1_170' title='bbox 174 2843 293 2901; x_wconf 86' lang='lat' dir='ltr'>Robore</span> <span class='ocrx_word' id='word_1_171' title='bbox 318 2842 472 2900; x_wconf 90' lang='lat' dir='ltr'>coniuncto</span> <span class='ocrx_word' id='word_1_172' title='bbox 495 2859 546 2898; x_wconf 92' lang='lat' dir='ltr'>vos</span> <span class='ocrx_word' id='word_1_173' title='bbox 570 2842 671 2900; x_wconf 90' lang='lat' dir='ltr'>ambos</span> <span class='ocrx_word' id='word_1_174' title='bbox 695 2843 797 2901; x_wconf 91' lang='lat' dir='ltr'>tollere</span> <span class='ocrx_word' id='word_1_175' title='bbox 821 2845 893 2902; x_wconf 90' lang='lat' dir='ltr'>velle</span> 
     </span>
     <span class='ocr_line' id='line_1_29' title="bbox 218 2936 923 3009; baseline 0.001 -15"><span class='ocrx_word' id='word_1_176' title='bbox 218 2938 400 3009; x_wconf 77' lang='lat' dir='ltr'>Religionem</span> <span class='ocrx_word' id='word_1_177' title='bbox 422 2936 501 2993; x_wconf 93' lang='lat' dir='ltr'>illam</span> <span class='ocrx_word' id='word_1_178' title='bbox 524 2937 620 2994; x_wconf 89' lang='lat' dir='ltr'>Marte</span> <span class='ocrx_word' id='word_1_179' title='bbox 644 2941 786 2995; x_wconf 90' lang='lat' dir='ltr'>tremente</span> <span class='ocrx_word' id='word_1_180' title='bbox 809 2955 923 2997; x_wconf 87' lang='lat' dir='ltr'>novam.</span> 
     </span>
     <span class='ocr_line' id='line_1_30' title="bbox 131 3030 839 3103; baseline -0.003 -11"><span class='ocrx_word' id='word_1_181' title='bbox 131 3049 160 3092; x_wconf 75' lang='lat' dir='ltr'>oa</span> <span class='ocrx_word' id='word_1_182' title='bbox 176 3031 238 3090; x_wconf 88' lang='lat' dir='ltr'>Pax</span> <span class='ocrx_word' id='word_1_183' title='bbox 262 3049 297 3090; x_wconf 88' lang='lat' dir='ltr'>ea</span> <span class='ocrx_word' id='word_1_184' title='bbox 320 3030 372 3089; x_wconf 92' lang='lat' dir='ltr'>sed</span> <span class='ocrx_word' id='word_1_185' title='bbox 394 3030 473 3087; x_wconf 89' lang='lat' dir='ltr'>nulla</span> <span class='ocrx_word' id='word_1_186' title='bbox 494 3031 591 3102; x_wconf 90' lang='lat' dir='ltr'>potuit</span> <span class='ocrx_word' id='word_1_187' title='bbox 612 3031 727 3090; x_wconf 88' lang='lat' dir='ltr'>ratione</span> <span class='ocrx_word' id='word_1_188' title='bbox 751 3033 839 3103; x_wconf 90' lang='lat' dir='ltr'>coire,</span> 
     </span>
     <span class='ocr_line' id='line_1_31' title="bbox 217 3126 767 3196; baseline -0.002 -13"><span class='ocrx_word' id='word_1_189' title='bbox 217 3127 326 3183; x_wconf 90' lang='lat' dir='ltr'>Amisit</span> <span class='ocrx_word' id='word_1_190' title='bbox 347 3127 424 3183; x_wconf 88' lang='lat' dir='ltr'>vires</span> <span class='ocrx_word' id='word_1_191' title='bbox 447 3126 545 3196; x_wconf 83' lang='lat' dir='ltr'>pactio</span> <span class='ocrx_word' id='word_1_192' title='bbox 569 3130 667 3183; x_wconf 89' lang='lat' dir='ltr'>vestra</span> <span class='ocrx_word' id='word_1_193' title='bbox 691 3143 767 3184; x_wconf 87' lang='lat' dir='ltr'>suas.</span> 
     </span>
     <span class='ocr_line' id='line_1_32' title="bbox 174 3219 1036 3296; baseline 0.001 -18"><span class='ocrx_word' id='word_1_194' title='bbox 174 3220 249 3278; x_wconf 91' lang='lat' dir='ltr'>Nam</span> <span class='ocrx_word' id='word_1_195' title='bbox 271 3220 351 3278; x_wconf 89' lang='lat' dir='ltr'>Deus</span> <span class='ocrx_word' id='word_1_196' title='bbox 365 3219 485 3277; x_wconf 89' lang='lat' dir='ltr'>obiecit</span> <span class='ocrx_word' id='word_1_197' title='bbox 508 3220 639 3290; x_wconf 87' lang='lat' dir='ltr'>clipeum,</span> <span class='ocrx_word' id='word_1_198' title='bbox 665 3238 700 3278; x_wconf 88' lang='lat' dir='ltr'>ue</span> <span class='ocrx_word' id='word_1_199' title='bbox 723 3222 842 3280; x_wconf 92' lang='lat' dir='ltr'>laedere</span> <span class='ocrx_word' id='word_1_200' title='bbox 864 3240 976 3296; x_wconf 71' lang='lat' dir='ltr'>posses</span> <span class='ocrx_word' id='word_1_201' title='bbox 1034 3275 1036 3279; x_wconf 89' lang='lat'><em>.</em></span> 
     </span>
     <span class='ocr_line' id='line_1_33' title="bbox 218 3313 1027 3388; baseline 0 -16"><span class='ocrx_word' id='word_1_202' title='bbox 218 3315 298 3386; x_wconf 77' lang='lat' dir='ltr'>Quae</span> <span class='ocrx_word' id='word_1_203' title='bbox 322 3331 369 3372; x_wconf 93' lang='lat' dir='ltr'>res</span> <span class='ocrx_word' id='word_1_204' title='bbox 394 3313 576 3372; x_wconf 87' lang='lat' dir='ltr'>Christicolis</span> <span class='ocrx_word' id='word_1_205' title='bbox 599 3315 707 3386; x_wconf 82' lang='lat' dir='ltr'>gaudia</span> <span class='ocrx_word' id='word_1_206' title='bbox 729 3316 815 3388; x_wconf 89' lang='lat' dir='ltr'>plena</span> <span class='ocrx_word' id='word_1_207' title='bbox 837 3318 911 3375; x_wconf 90' lang='lat' dir='ltr'>tulit.</span> <span class='ocrx_word' id='word_1_208' title='bbox 1024 3369 1027 3372; x_wconf 79' lang='grc'>,</span> 
     </span>
     <span class='ocr_line' id='line_1_34' title="bbox 175 3408 964 3482; baseline 0.004 -14"><span class='ocrx_word' id='word_1_209' title='bbox 175 3411 247 3469; x_wconf 88' lang='lat' dir='ltr'>Post</span> <span class='ocrx_word' id='word_1_210' title='bbox 270 3409 398 3482; x_wconf 87' lang='lat' dir='ltr'>repetita</span> <span class='ocrx_word' id='word_1_211' title='bbox 420 3408 476 3466; x_wconf 89' lang='lat' dir='ltr'>fuit</span> <span class='ocrx_word' id='word_1_212' title='bbox 497 3425 574 3466; x_wconf 90' lang='lat' dir='ltr'>nova</span> <span class='ocrx_word' id='word_1_213' title='bbox 595 3410 694 3480; x_wconf 88' lang='lat' dir='ltr'>pactio</span> <span class='ocrx_word' id='word_1_214' title='bbox 717 3409 846 3470; x_wconf 85' lang='lat' dir='ltr'>foederis</span> <span class='ocrx_word' id='word_1_215' title='bbox 869 3413 964 3482; x_wconf 89' lang='lat' dir='ltr'>huius,</span> 
     </span>
     <span class='ocr_line' id='line_1_35' title="bbox 133 3502 860 3578; baseline -0.006 -10"><span class='ocrx_word' id='word_1_216' title='bbox 133 3525 176 3568; x_wconf 81' lang='lat' dir='ltr'>roo</span> <span class='ocrx_word' id='word_1_217' title='bbox 220 3505 270 3564; x_wconf 87' lang='lat' dir='ltr'>Sol</span> <span class='ocrx_word' id='word_1_218' title='bbox 287 3505 344 3562; x_wconf 46' lang='lat' dir='ltr'>»ubi</span> <span class='ocrx_word' id='word_1_219' title='bbox 367 3508 414 3562; x_wconf 88' lang='lat' dir='ltr'>ter</span> <span class='ocrx_word' id='word_1_220' title='bbox 435 3507 515 3561; x_wconf 87' lang='lat' dir='ltr'>tacto</span> <span class='ocrx_word' id='word_1_221' title='bbox 538 3502 619 3575; x_wconf 88' lang='lat' dir='ltr'>pisce</span> <span class='ocrx_word' id='word_1_222' title='bbox 641 3505 756 3578; x_wconf 82' lang='lat' dir='ltr'>peregit</span> <span class='ocrx_word' id='word_1_223' title='bbox 778 3507 860 3564; x_wconf 68' lang='lat' dir='ltr'>iter*</span> 
     </span>
     <span class='ocr_line' id='line_1_36' title="bbox 155 3551 1008 3671; baseline 0.005 -13"><span class='ocrx_word' id='word_1_224' title='bbox 155 3601 255 3660; x_wconf 78' lang='lat' dir='ltr'>¹Tunc</span> <span class='ocrx_word' id='word_1_225' title='bbox 279 3618 381 3659; x_wconf 89' lang='lat' dir='ltr'>rursus</span> <span class='ocrx_word' id='word_1_226' title='bbox 404 3604 492 3671; x_wconf 88' lang='lat' dir='ltr'>caput</span> <span class='ocrx_word' id='word_1_227' title='bbox 513 3599 570 3656; x_wconf 91' lang='lat' dir='ltr'>hoo</span> <span class='ocrx_word' id='word_1_228' title='bbox 593 3598 741 3657; x_wconf 87' lang='lat' dir='ltr'>adiectum</span> <span class='ocrx_word' id='word_1_229' title='bbox 763 3551 883 3661; x_wconf 42' lang='lat' dir='ltr'>foed&amp;</span> <span class='ocrx_word' id='word_1_230' title='bbox 906 3603 936 3660; x_wconf 88' lang='lat' dir='ltr'>io</span> <span class='ocrx_word' id='word_1_231' title='bbox 958 3603 1008 3662; x_wconf 93' lang='lat' dir='ltr'>illo</span> 
     </span>
    </p>
   </div>
   <div class='ocr_carea' id='block_1_3' title="bbox 0 0 1242 4050">
    <p class='ocr_par' dir='ltr' id='par_1_3' title="bbox 0 0 1242 4050">
     <span class='ocr_line' id='line_1_37' title="bbox 0 0 1242 4050; baseline 0 1"><span class='ocrx_word' id='word_1_232' title='bbox 0 0 1242 4050; x_wconf 95' lang='lat' dir='ltr'> </span> 
     </span>
    </p>
   </div>
  </div>
 </body>
</html>
