2476 4050
132 181 151 240 8
435 193 455 239 1.
485 193 639 240 euonen's
661 197 799 241 SABINVS.

173 370 214 428 Te
238 388 350 443 quoquc
374 371 448 428 ratis
472 371 567 428 adbuc
590 373 648 428 illic
671 373 836 430 meminisse
859 373 959 430 Sabini

215 465 299 522 Duco
323 483 376 523 nec
400 466 521 523 oblitum
544 468 668 523 nominis
692 485 755 524 csse
779 469 844 524 mei.

175 559 242 631 Ipse
266 561 317 618 sed
341 578 358 617 a
381 561 486 617 restris
509 562 594 633 longe
618 579 682 618 cum
704 561 810 619 finibus
833 562 936 631 absim,

217 655 307 712 Forte
331 655 478 727 quidhoc
502 673 597 712 rerum
621 663 751 728 tempore
775 658 890 728 quaeris
913 675 1012 725 aarum:

133 766 162 808 *25
177 748 302 806 Deditus
325 749 460 807 incumbo
484 751 598 819 studiis,
623 751 726 822 quibus
749 758 817 809 ante
841 751 977 820 solebam,

221 844 258 899 At
282 861 334 900 sua
357 862 402 900 me
426 851 542 916 captum
566 846 619 901 sub
642 846 709 917 iuga
732 847 822 902 traxit
846 863 935 903 amor.

176 936 294 994 Scilicet
316 938 455 1010 Euganea
479 957 543 996 cum
566 957 660 1011 nuper
682 940 718 997 ab
742 941 813 998 urbe
837 958 969 998 reuersus

218 1032 291 1102 Huc,
316 1033 365 1090 ubi
387 1033 533 1105 populifer
554 1034 665 1092 labitur
686 1035 769 1092 Albis
793 1053 882 1104 eram,

174 1126 323 1198 Aligerum
347 1128 455 1185 ducens
479 1129 584 1186 adme
609 1130 663 1186 dea
687 1129 794 1201 Cypria
816 1135 916 1187 natum
1002 1127 1005 1131 ’

131 1237 160 1279 30
218 1222 305 1278 Venit
330 1228 357 1279 et
382 1223 426 1279 his
449 1222 564 1280 blandis
588 1224 707 1281 uocibus
729 1241 783 1281 usa
804 1224 873 1281 fuit:

175 1316 289 1373 ‘Matris
312 1317 464 1374 Acidaliae
488 1335 618 1388 puerum,
643 1320 791 1376 carissime
815 1325 907 1385 uates,

216 1409 345 1483 Suscipio,
370 1412 527 1483 discipulus
552 1413 638 1470 debet
662 1414 686 1470 is
710 1431 773 1470 csse
797 1419 872 1469 tuus.

175 1503 251 1562 Nolo
274 1506 465 1563 Machaonias
490 1506 592 1576 discat,
617 1526 687 1579 quas
712 1509 833 1576 odimus,
859 1513 936 1564 artes

217 1600 286 1658 Iura
309 1618 362 1658 nec
384 1601 479 1658 insani
502 1602 631 1674 litigiosa
653 1601 720 1671 fori,

133 1710 161 1753 aa
177 1692 235 1751 Sed
258 1701 308 1753 tua
331 1697 452 1752 miratus
475 1696 618 1754 facundae
643 1697 771 1754 carmina
795 1697 897 1752 Musae

216 1789 320 1847 Discat
342 1792 372 1847 in
394 1793 522 1848 alternos
547 1808 651 1863 eogere
673 1791 764 1848 verba
786 1791 885 1862 pedes.

176 1884 377 1956 Compensabo
401 1885 454 1942 tibi
478 1886 555 1942 iusta
577 1886 712 1943 mercede
735 1885 878 1943 laborem:

217 1979 367 2035 Basiolum
389 1997 500 2036 merces
525 1979 684 2036 erudientis
709 1979 783 2036 erit'

175 2073 313 2146 Dixerat3
338 2075 455 2132 intueor
476 2092 598 2146 puerum
621 2076 779 2146 matrisque
802 2074 933 2146 rogantis

135 2186 164 2229 40
222 2171 344 2241 Accipio
368 2175 455 2241 pacta
478 2170 649 2227 condicione
672 2186 784 2241 preces.

175 2264 269 2336 thue
293 2264 413 2321 daturus
438 2282 517 2321 eram
540 2270 698 2336 praecepta
721 2264 861 2336 magister
883 2262 984 2329 artiori,

219 2359 285 2415 Non
307 2359 375 2415 tulit
396 2360 509 2430 imperii
532 2357 616 2415 frena
639 2358 751 2430 Cupido
776 2359 840 2427 mei,

176 2453 289 2510 Eduxit
310 2455 450 2525 pharetra
473 2454 525 2511 sed
549 2459 649 2510 acutas
671 2454 720 2511 ille
744 2455 876 2525 sagittas,

220 2549 330 2605 Nostra
353 2549 456 2621 quibus
479 2553 633 2619 postquam
655 2553 776 2619 pectora
798 2547 872 2614 fixit,
897 2546 952 2602 ait:

133 2662 161 2703 eo
177 2644 250 2701 ‘Hoc
274 2661 361 2715 grave
384 2647 465 2715 virgo
489 2643 543 2700 tibi
566 2649 650 2714 patre
672 2648 741 2700 nata
757 2641 982 2699 Melanchtlrone
1003 2640 1111 2698 vulnus

219 2740 332 2808 Leniet,
357 2740 515 2796 indomitus
539 2738 616 2812 quod
640 2738 692 2794 tibi
715 2738 786 2794 fecit
808 2734 920 2793 Amor?

179 2835 316 2892 Protinus
340 2835 450 2906 ingenti
473 2850 629 2891 succensus
653 2849 752 2889 amore
774 2831 896 2902 puellae,

220 2930 313 2987 Ardet
336 2935 369 2986 ut
391 2930 509 2986 inducto
535 2927 643 2985 sulfure
667 2927 763 2994 taeda,
787 2924 829 2982 fui

178 3024 240 3080 Nec
263 3041 346 3080 secus
370 3024 476 3080 ambiri
498 3022 634 3094 precibus
659 3021 811 3088 cormubia‚
834 3019 929 3077 fessus

135 3136 163 3178 aa
222 3122 313 3187 Quam
337 3118 425 3189 gelidi
449 3134 550 3174 cervus
573 3115 700 3173 fluminis
724 3119 806 3186 optat
829 3130 933 3186 aquas3
992 3152 995 3157 -

180 3211 358 3270 Obtostabar
380 3229 480 3268 amaus
503 3211 582 3268 illam
606 3210 758 3281 verbisque
782 3209 921 3280 rogabam

220 3307 353 3364 Talibus:
379 3307 412 3364 ίΟ
436 3308 526 3377 virgo,
552 3322 624 3377 quae
648 3305 717 3360 milri
741 3305 802 3360 sola
825 3305 931 3376 places

177 3402 230 3459 llis
254 3418 474 3473 proceraeque
498 3401 569 3456 mois
593 3398 762 3455 ardentibus
786 3398 881 3455 adnue
904 3395 989 3464 rotis,

222 3497 351 3569 Sponsus
374 3502 404 3552 nt
429 3496 564 3565 arnplexu
588 3491 730 3564 pen'ruar,
755 3493 848 3560 Arma,
874 3498 933 3548 tuo.

133 3611 163 3653 ao
179 3592 227 3649 Me
252 3592 372 3660 alienare
395 3596 461 3646 toro
486 3606 537 3645 nec
562 3595 707 3645 amantem
731 3587 857 3657 despice,
883 3583 1012 3657 quamvis
