<?xml version="1.0" encoding="UTF-8"?>
<!DOCTYPE html PUBLIC "-//W3C//DTD XHTML 1.0 Transitional//EN"
    "http://www.w3.org/TR/xhtml1/DTD/xhtml1-transitional.dtd">
<html xmlns="http://www.w3.org/1999/xhtml" xml:lang="en" lang="en">
 <head>
  <title>
</title>
<meta http-equiv="Content-Type" content="text/html;charset=utf-8" />
  <meta name='ocr-system' content='tesseract 3.04.00' />
  <meta name='ocr-capabilities' content='ocr_page ocr_carea ocr_par ocr_line ocrx_word'/>
</head>
<body>
  <div class='ocr_page' id='page_1' title='image "./deutschelyriker01elligoog_0105.png"; bbox 0 0 2476 4050; ppageno 0'>
   <div class='ocr_carea' id='block_1_1' title="bbox 333 238 1070 318">
    <p class='ocr_par' dir='ltr' id='par_1_1' title="bbox 333 238 1070 318">
     <span class='ocr_line' id='line_1_1' title="bbox 333 238 1070 318; baseline 0 -23"><span class='ocrx_word' id='word_1_1' title='bbox 333 252 378 296; x_wconf 88' lang='lat'>111.</span> <span class='ocrx_word' id='word_1_2' title='bbox 401 249 562 296; x_wconf 75' lang='lat' dir='ltr'>corardus</span> <span class='ocrx_word' id='word_1_3' title='bbox 584 250 837 296; x_wconf 74' lang='lat' dir='ltr'>arsurasuvsrvs.</span> <span class='ocrx_word' id='word_1_4' title='bbox 938 313 940 318; x_wconf 21' lang='grc' dir='ltr'>Ι</span> <span class='ocrx_word' id='word_1_5' title='bbox 1032 238 1070 295; x_wconf 83' lang='grc'>57</span> 
     </span>
    </p>
   </div>
   <div class='ocr_carea' id='block_1_2' title="bbox 95 429 1030 1908">
    <p class='ocr_par' dir='ltr' id='par_1_2' title="bbox 95 429 1030 1908">
     <span class='ocr_line' id='line_1_2' title="bbox 97 429 929 500; baseline -0.007 -10"><span class='ocrx_word' id='word_1_6' title='bbox 97 450 124 490; x_wconf 75' lang='lat' dir='ltr'>rs</span> <span class='ocrx_word' id='word_1_7' title='bbox 139 431 202 487; x_wconf 83' lang='lat' dir='ltr'>Nee</span> <span class='ocrx_word' id='word_1_8' title='bbox 225 435 297 485; x_wconf 88' lang='lat' dir='ltr'>nutu</span> <span class='ocrx_word' id='word_1_9' title='bbox 320 429 439 486; x_wconf 86' lang='lat' dir='ltr'>alterius</span> <span class='ocrx_word' id='word_1_10' title='bbox 462 429 581 500; x_wconf 83' lang='lat' dir='ltr'>vigilare</span> <span class='ocrx_word' id='word_1_11' title='bbox 606 434 635 486; x_wconf 94' lang='lat' dir='ltr'>et</span> <span class='ocrx_word' id='word_1_12' title='bbox 658 429 765 486; x_wconf 82' lang='lat' dir='ltr'>ducere</span> <span class='ocrx_word' id='word_1_13' title='bbox 789 444 929 496; x_wconf 86' lang='lat' dir='ltr'>sumnum,</span> 
     </span>
     <span class='ocr_line' id='line_1_3' title="bbox 182 524 814 596; baseline -0.002 -15"><span class='ocrx_word' id='word_1_14' title='bbox 182 524 239 592; x_wconf 83' lang='lat' dir='ltr'>Ire,</span> <span class='ocrx_word' id='word_1_15' title='bbox 263 524 370 591; x_wconf 86' lang='lat' dir='ltr'>redire,</span> <span class='ocrx_word' id='word_1_16' title='bbox 395 540 468 592; x_wconf 89' lang='lat' dir='ltr'>esse,</span> <span class='ocrx_word' id='word_1_17' title='bbox 493 528 579 593; x_wconf 88' lang='lat' dir='ltr'>stare,</span> <span class='ocrx_word' id='word_1_18' title='bbox 605 524 707 581; x_wconf 88' lang='lat' dir='ltr'>sedere</span> <span class='ocrx_word' id='word_1_19' title='bbox 731 539 814 596; x_wconf 80' lang='lat' dir='ltr'>quea.</span> 
     </span>
     <span class='ocr_line' id='line_1_4' title="bbox 137 616 1014 690; baseline -0.003 -14"><span class='ocrx_word' id='word_1_20' title='bbox 137 620 169 676; x_wconf 86' lang='lat' dir='ltr'>Si</span> <span class='ocrx_word' id='word_1_21' title='bbox 192 619 254 690; x_wconf 85' lang='lat' dir='ltr'>quis</span> <span class='ocrx_word' id='word_1_22' title='bbox 279 619 316 675; x_wconf 89' lang='lat' dir='ltr'>sit</span> <span class='ocrx_word' id='word_1_23' title='bbox 338 616 416 686; x_wconf 84' lang='lat' dir='ltr'><strong>felix,</strong></span> <span class='ocrx_word' id='word_1_24' title='bbox 440 635 499 675; x_wconf 87' lang='lat' dir='ltr'>non</span> <span class='ocrx_word' id='word_1_25' title='bbox 520 635 567 676; x_wconf 91' lang='lat' dir='ltr'>me</span> <span class='ocrx_word' id='word_1_26' title='bbox 590 619 675 677; x_wconf 88' lang='lat' dir='ltr'>dolor</span> <span class='ocrx_word' id='word_1_27' title='bbox 696 618 825 676; x_wconf 88' lang='lat' dir='ltr'>aemulus</span> <span class='ocrx_word' id='word_1_28' title='bbox 849 617 916 688; x_wconf 85' lang='lat' dir='ltr'>urit,</span> <span class='ocrx_word' id='word_1_29' title='bbox 1012 618 1014 622; x_wconf 79' lang='grc'>’</span> 
     </span>
     <span class='ocr_line' id='line_1_5' title="bbox 183 713 879 786; baseline -0.003 -16"><span class='ocrx_word' id='word_1_30' title='bbox 183 713 294 771; x_wconf 88' lang='lat' dir='ltr'>Pellere</span> <span class='ocrx_word' id='word_1_31' title='bbox 318 729 439 784; x_wconf 86' lang='lat' dir='ltr'>eumque</span> <span class='ocrx_word' id='word_1_32' title='bbox 462 713 526 771; x_wconf 83' lang='lat' dir='ltr'>loeo</span> <span class='ocrx_word' id='word_1_33' title='bbox 550 730 608 770; x_wconf 88' lang='lat' dir='ltr'>non</span> <span class='ocrx_word' id='word_1_34' title='bbox 631 717 733 786; x_wconf 80' lang='lat' dir='ltr'>satago</span> <span class='ocrx_word' id='word_1_35' title='bbox 756 713 879 770; x_wconf 88' lang='lat' dir='ltr'>insidiis.</span> 
     </span>
     <span class='ocr_line' id='line_1_6' title="bbox 140 806 981 879; baseline -0.005 -11"><span class='ocrx_word' id='word_1_36' title='bbox 140 809 312 868; x_wconf 85' lang='lat' dir='ltr'>Obtrectare</span> <span class='ocrx_word' id='word_1_37' title='bbox 336 806 400 864; x_wconf 89' lang='lat' dir='ltr'>aliis</span> <span class='ocrx_word' id='word_1_38' title='bbox 422 825 482 865; x_wconf 86' lang='lat' dir='ltr'>nan</span> <span class='ocrx_word' id='word_1_39' title='bbox 503 825 622 879; x_wconf 86' lang='lat' dir='ltr'>possum</span> <span class='ocrx_word' id='word_1_40' title='bbox 644 806 823 877; x_wconf 72' lang='lat' dir='ltr'>absentibus</span> <span class='ocrx_word' id='word_1_41' title='bbox 848 807 886 864; x_wconf 93' lang='lat' dir='ltr'>ad</span> <span class='ocrx_word' id='word_1_42' title='bbox 909 823 981 879; x_wconf 86' lang='lat' dir='ltr'>quos</span> 
     </span>
     <span class='ocr_line' id='line_1_7' title="bbox 96 901 845 974; baseline -0.004 -10"><span class='ocrx_word' id='word_1_43' title='bbox 96 924 124 964; x_wconf 80' lang='lat'>50</span> <span class='ocrx_word' id='word_1_44' title='bbox 181 902 303 959; x_wconf 85' lang='lat' dir='ltr'>Dulcior</span> <span class='ocrx_word' id='word_1_45' title='bbox 323 901 465 974; x_wconf 87' lang='lat' dir='ltr'>Hyblaeis</span> <span class='ocrx_word' id='word_1_46' title='bbox 489 903 528 959; x_wconf 89' lang='lat' dir='ltr'>sit</span> <span class='ocrx_word' id='word_1_47' title='bbox 549 903 619 959; x_wconf 90' lang='lat' dir='ltr'>mihi</span> <span class='ocrx_word' id='word_1_48' title='bbox 643 920 738 960; x_wconf 86' lang='lat' dir='ltr'>sermo</span> <span class='ocrx_word' id='word_1_49' title='bbox 761 901 845 961; x_wconf 77' lang='lat' dir='ltr'>favia</span> 
     </span>
     <span class='ocr_line' id='line_1_8' title="bbox 139 996 947 1069; baseline -0.001 -14"><span class='ocrx_word' id='word_1_50' title='bbox 139 999 220 1055; x_wconf 84' lang='lat' dir='ltr'>Haec</span> <span class='ocrx_word' id='word_1_51' title='bbox 244 997 375 1069; x_wconf 89' lang='lat' dir='ltr'>quivult</span> <span class='ocrx_word' id='word_1_52' title='bbox 398 997 507 1069; x_wconf 87' lang='lat' dir='ltr'>aliquid</span> <span class='ocrx_word' id='word_1_53' title='bbox 528 996 602 1066; x_wconf 87' lang='lat' dir='ltr'>fieri,</span> <span class='ocrx_word' id='word_1_54' title='bbox 627 997 791 1069; x_wconf 80' lang='lat' dir='ltr'>praestabit</span> <span class='ocrx_word' id='word_1_55' title='bbox 813 998 842 1054; x_wconf 89' lang='lat' dir='ltr'>iu</span> <span class='ocrx_word' id='word_1_56' title='bbox 865 997 947 1068; x_wconf 87' lang='lat' dir='ltr'>aula;</span> 
     </span>
     <span class='ocr_line' id='line_1_9' title="bbox 181 1090 931 1164; baseline 0 -16"><span class='ocrx_word' id='word_1_57' title='bbox 181 1092 235 1162; x_wconf 76' lang='lat' dir='ltr'>Qui</span> <span class='ocrx_word' id='word_1_58' title='bbox 258 1092 366 1163; x_wconf 88' lang='lat' dir='ltr'>nequit,</span> <span class='ocrx_word' id='word_1_59' title='bbox 391 1092 466 1148; x_wconf 83' lang='lat' dir='ltr'>hunc</span> <span class='ocrx_word' id='word_1_60' title='bbox 489 1092 591 1150; x_wconf 88' lang='lat' dir='ltr'>melius</span> <span class='ocrx_word' id='word_1_61' title='bbox 614 1099 754 1164; x_wconf 87' lang='lat' dir='ltr'>protenus</span> <span class='ocrx_word' id='word_1_62' title='bbox 777 1093 820 1149; x_wconf 85' lang='lat' dir='ltr'>ire</span> <span class='ocrx_word' id='word_1_63' title='bbox 842 1090 931 1160; x_wconf 87' lang='lat' dir='ltr'>foras,</span> 
     </span>
     <span class='ocr_line' id='line_1_10' title="bbox 137 1187 877 1258; baseline -0.001 -14"><span class='ocrx_word' id='word_1_64' title='bbox 137 1187 309 1244; x_wconf 80' lang='lat' dir='ltr'>Ludibrium</span> <span class='ocrx_word' id='word_1_65' title='bbox 331 1187 438 1258; x_wconf 87' lang='lat' dir='ltr'>populo</span> <span class='ocrx_word' id='word_1_66' title='bbox 462 1187 517 1243; x_wconf 91' lang='lat' dir='ltr'>nisi</span> <span class='ocrx_word' id='word_1_67' title='bbox 542 1187 648 1244; x_wconf 85' lang='lat' dir='ltr'>debere</span> <span class='ocrx_word' id='word_1_68' title='bbox 672 1193 702 1245; x_wconf 85' lang='lat' dir='ltr'>et</span> <span class='ocrx_word' id='word_1_69' title='bbox 723 1188 793 1245; x_wconf 83' lang='lat' dir='ltr'>velit</span> <span class='ocrx_word' id='word_1_70' title='bbox 815 1187 877 1258; x_wconf 83' lang='lat' dir='ltr'>ipse</span> 
     </span>
     <span class='ocr_line' id='line_1_11' title="bbox 182 1281 808 1354; baseline 0 -15"><span class='ocrx_word' id='word_1_71' title='bbox 182 1281 281 1339; x_wconf 85' lang='lat' dir='ltr'>Semet</span> <span class='ocrx_word' id='word_1_72' title='bbox 302 1282 458 1352; x_wconf 87' lang='lat' dir='ltr'>perplexos</span> <span class='ocrx_word' id='word_1_73' title='bbox 481 1282 603 1340; x_wconf 88' lang='lat' dir='ltr'>induere</span> <span class='ocrx_word' id='word_1_74' title='bbox 626 1283 657 1339; x_wconf 91' lang='lat' dir='ltr'>in</span> <span class='ocrx_word' id='word_1_75' title='bbox 678 1283 808 1354; x_wconf 75' lang='lat' dir='ltr'>laqueos,</span> 
     </span>
     <span class='ocr_line' id='line_1_12' title="bbox 97 1375 967 1450; baseline -0.006 -13"><span class='ocrx_word' id='word_1_76' title='bbox 97 1379 225 1445; x_wconf 67' lang='lat' dir='ltr'>sedula,</span> <span class='ocrx_word' id='word_1_77' title='bbox 249 1376 327 1433; x_wconf 79' lang='lat' dir='ltr'>vale!</span> <span class='ocrx_word' id='word_1_78' title='bbox 356 1377 419 1433; x_wconf 86' lang='lat' dir='ltr'>Ista</span> <span class='ocrx_word' id='word_1_79' title='bbox 442 1377 514 1434; x_wconf 85' lang='lat' dir='ltr'>alias</span> <span class='ocrx_word' id='word_1_80' title='bbox 537 1376 584 1435; x_wconf 83' lang='lat' dir='ltr'>fae</span> <span class='ocrx_word' id='word_1_81' title='bbox 607 1379 671 1450; x_wconf 79' lang='lat' dir='ltr'>lege</span> <span class='ocrx_word' id='word_1_82' title='bbox 695 1383 725 1435; x_wconf 86' lang='lat' dir='ltr'>et</span> <span class='ocrx_word' id='word_1_83' title='bbox 747 1381 827 1434; x_wconf 84' lang='lat' dir='ltr'>sorte</span> <span class='ocrx_word' id='word_1_84' title='bbox 849 1375 967 1448; x_wconf 85' lang='lat' dir='ltr'>beat0s;</span> 
     </span>
     <span class='ocr_line' id='line_1_13' title="bbox 180 1471 938 1542; baseline 0 -14"><span class='ocrx_word' id='word_1_85' title='bbox 180 1471 349 1542; x_wconf 86' lang='lat' dir='ltr'>Tranquilla</span> <span class='ocrx_word' id='word_1_86' title='bbox 371 1471 409 1528; x_wconf 91' lang='lat' dir='ltr'>ad</span> <span class='ocrx_word' id='word_1_87' title='bbox 432 1472 572 1529; x_wconf 89' lang='lat' dir='ltr'>tumulum</span> <span class='ocrx_word' id='word_1_88' title='bbox 595 1473 634 1529; x_wconf 84' lang='lat' dir='ltr'>sit</span> <span class='ocrx_word' id='word_1_89' title='bbox 656 1473 726 1529; x_wconf 90' lang='lat' dir='ltr'>mihi</span> <span class='ocrx_word' id='word_1_90' title='bbox 747 1473 809 1529; x_wconf 80' lang='lat' dir='ltr'>vita</span> <span class='ocrx_word' id='word_1_91' title='bbox 832 1487 938 1529; x_wconf 85' lang='lat' dir='ltr'>comes.</span> 
     </span>
     <span class='ocr_line' id='line_1_14' title="bbox 138 1566 1030 1639; baseline 0.002 -19"><span class='ocrx_word' id='word_1_92' title='bbox 138 1567 219 1631; x_wconf 78' lang='lat' dir='ltr'>Vive,</span> <span class='ocrx_word' id='word_1_93' title='bbox 243 1566 321 1622; x_wconf 86' lang='lat' dir='ltr'>vale!</span> <span class='ocrx_word' id='word_1_94' title='bbox 345 1566 442 1637; x_wconf 84' lang='lat' dir='ltr'>Atque</span> <span class='ocrx_word' id='word_1_95' title='bbox 464 1566 557 1623; x_wconf 88' lang='lat' dir='ltr'>isdem</span> <span class='ocrx_word' id='word_1_96' title='bbox 581 1567 606 1623; x_wconf 90' lang='lat' dir='ltr'>si</span> <span class='ocrx_word' id='word_1_97' title='bbox 629 1567 738 1639; x_wconf 84' lang='lat' dir='ltr'>gaudes</span> <span class='ocrx_word' id='word_1_98' title='bbox 761 1567 900 1636; x_wconf 86' lang='lat' dir='ltr'>moribus,</span> <span class='ocrx_word' id='word_1_99' title='bbox 925 1567 1030 1636; x_wconf 88' lang='lat' dir='ltr'>aulam,</span> 
     </span>
     <span class='ocr_line' id='line_1_15' title="bbox 180 1658 945 1732; baseline 0.001 -16"><span class='ocrx_word' id='word_1_100' title='bbox 180 1658 272 1716; x_wconf 78' lang='lat' dir='ltr'>Dulce</span> <span class='ocrx_word' id='word_1_101' title='bbox 295 1660 410 1728; x_wconf 88' lang='lat' dir='ltr'>malum,</span> <span class='ocrx_word' id='word_1_102' title='bbox 434 1659 519 1731; x_wconf 79' lang='lat' dir='ltr'>longe</span> <span class='ocrx_word' id='word_1_103' title='bbox 543 1664 574 1716; x_wconf 91' lang='lat' dir='ltr'>tu</span> <span class='ocrx_word' id='word_1_104' title='bbox 597 1677 719 1732; x_wconf 84' lang='lat' dir='ltr'>quaque,</span> <span class='ocrx_word' id='word_1_105' title='bbox 745 1660 845 1730; x_wconf 87' lang='lat' dir='ltr'>amice,</span> <span class='ocrx_word' id='word_1_106' title='bbox 869 1659 945 1732; x_wconf 76' lang='lat' dir='ltr'>fuge,</span> 
     </span>
     <span class='ocr_line' id='line_1_16' title="bbox 139 1754 984 1826; baseline 0.001 -16"><span class='ocrx_word' id='word_1_107' title='bbox 139 1754 259 1826; x_wconf 77' lang='lat' dir='ltr'>Diuque,</span> <span class='ocrx_word' id='word_1_108' title='bbox 284 1759 317 1810; x_wconf 89' lang='lat' dir='ltr'>ut</span> <span class='ocrx_word' id='word_1_109' title='bbox 339 1754 415 1810; x_wconf 87' lang='lat' dir='ltr'>idem</span> <span class='ocrx_word' id='word_1_110' title='bbox 439 1770 551 1810; x_wconf 84' lang='lat' dir='ltr'>mecum</span> <span class='ocrx_word' id='word_1_111' title='bbox 575 1756 683 1812; x_wconf 86' lang='lat' dir='ltr'>sentire</span> <span class='ocrx_word' id='word_1_112' title='bbox 707 1760 736 1812; x_wconf 85' lang='lat' dir='ltr'>et</span> <span class='ocrx_word' id='word_1_113' title='bbox 760 1755 857 1813; x_wconf 83' lang='lat' dir='ltr'>dicere</span> <span class='ocrx_word' id='word_1_114' title='bbox 881 1755 984 1812; x_wconf 83' lang='lat' dir='ltr'>suesti:</span> 
     </span>
     <span class='ocr_line' id='line_1_17' title="bbox 95 1846 830 1908; baseline -0.001 0"><span class='ocrx_word' id='word_1_115' title='bbox 95 1867 123 1908; x_wconf 81' lang='lat'>60</span> <span class='ocrx_word' id='word_1_116' title='bbox 181 1849 247 1906; x_wconf 87' lang='lat' dir='ltr'>Nou</span> <span class='ocrx_word' id='word_1_117' title='bbox 269 1846 341 1905; x_wconf 85' lang='lat' dir='ltr'>facit</span> <span class='ocrx_word' id='word_1_118' title='bbox 363 1848 401 1905; x_wconf 90' lang='lat' dir='ltr'>ad</span> <span class='ocrx_word' id='word_1_119' title='bbox 423 1865 519 1906; x_wconf 86' lang='lat' dir='ltr'>mares</span> <span class='ocrx_word' id='word_1_120' title='bbox 542 1849 637 1908; x_wconf 83' lang='lat' dir='ltr'>aulica</span> <span class='ocrx_word' id='word_1_121' title='bbox 660 1851 719 1908; x_wconf 88' lang='lat' dir='ltr'>vita</span> <span class='ocrx_word' id='word_1_122' title='bbox 741 1868 830 1908; x_wconf 87' lang='lat' dir='ltr'>meos.</span> 
     </span>
    </p>
   </div>
   <div class='ocr_carea' id='block_1_3' title="bbox 0 0 1242 4050">
    <p class='ocr_par' dir='ltr' id='par_1_3' title="bbox 0 0 1242 4050">
     <span class='ocr_line' id='line_1_18' title="bbox 0 0 1242 4050; baseline 0 0"><span class='ocrx_word' id='word_1_123' title='bbox 0 0 1242 4050; x_wconf 95' lang='lat' dir='ltr'> </span> 
     </span>
    </p>
   </div>
  </div>
 </body>
</html>
