2476 4050
431 220 473 266 m.
501 218 623 264 aosnvs
647 218 784 264 sreaavs.
1040 210 1098 266 119

212 399 389 471 Sidereaque
412 398 471 470 poli
494 396 572 454 ridet
593 397 623 454 in
646 413 713 453 arce
736 396 839 455 Deum.

171 494 314 552 Chusidas
338 493 464 565 reliquos
487 493 568 548 iuvat
590 507 654 549 esse
676 491 814 564 indagine
838 492 944 548 clausis

214 587 340 646 Saltibus
364 592 394 644 et
416 603 518 644 saevas
541 586 690 657 exagitare
714 585 801 650 feras,

171 684 233 740 Nec
256 684 339 741 divae
361 683 447 754 pauci
471 681 599 752 Paphiae
622 680 799 753 Bromioque
822 680 934 738 litando

129 790 169 838 30'
215 776 283 834 Otia
306 783 395 849 agunt
416 775 524 848 populo
547 775 713 847 perniciosa
737 792 798 832 suo.

170 872 245 929 Nam
267 872 292 928 si
313 871 390 929 bella
412 871 537 942 placent,
562 886 620 926 non
643 869 848 942 Scanderbega
872 869 1012 927 Getarum

213 966 248 1022 In
269 966 392 1038 populos
416 965 473 1021 illis
495 965 591 1020 induit
614 981 694 1021 arma
717 964 810 1033 dolor,
984 957 986 960 ’

171 1061 204 1117 In
227 1062 322 1118 socias
344 1058 432 1117 urbes
455 1058 564 1116 ferrum
587 1059 709 1116 vertisse
734 1074 836 1116 cruore

215 1154 254 1211 Et
278 1153 313 1212 de
337 1153 535 1211 Christiadum
556 1152 667 1225 praeda
689 1153 783 1224 petita
805 1154 894 1211 iuvat.
976 1229 978 1231 ι

131 1268 158 1309 aa
173 1249 318 1307 indomito
342 1248 453 1321 rigidus
476 1249 562 1305 lentis
586 1253 618 1304 ut
640 1252 750 1320 pugnat
772 1247 904 1317 habenis

216 1343 271 1413 Qui
293 1344 421 1402 nondum
443 1342 542 1401 frenos
566 1359 617 1400 ore
639 1342 805 1412 momordit,
831 1359 930 1415 equus,

175 1438 223 1495 Sic
244 1438 345 1510 vulgus
368 1439 464 1509 legum
486 1437 587 1494 vinclis
610 1451 714 1508 parere
737 1443 856 1494 recusat

216 1532 351 1604 Quaeque
376 1533 431 1588 sibi
453 1531 538 1588 hbuit
562 1537 665 1588 cuncta
687 1532 776 1588 licere
798 1538 892 1603 putat.

172 1627 290 1698 Iamque
314 1626 388 1683 adeo
411 1626 500 1683 rediit
522 1642 626 1697 magno
650 1631 808 1683 renovante
831 1626 970 1696 Luthero,

131 1740 159 1781 40
216 1720 376 1778 Doctrinae
400 1720 555 1777 aethereae
578 1719 656 1791 quod
677 1718 734 1776 fuit
756 1727 823 1777 ante
847 1720 945 1790 decue,

173 1815 309 1887 Quaeque
333 1831 453 1886 operum
476 1815 567 1871 densa
588 1815 674 1871 latuit
696 1831 749 1871 ceu
771 1815 856 1887 nube,
880 1817 1007 1875 nitorem

214 1909 373 1982 Antiquom
395 1926 496 1966 rursus
520 1910 617 1981 coepit
639 1909 748 1967 habere
770 1908 854 1968 fides.

173 2005 213 2061 At
236 2010 340 2076 quotus
363 2004 420 2061 heu
444 2004 563 2076 quisque
587 2009 640 2072 est,
665 2005 713 2076 qui
736 2005 807 2062 talia
829 2022 948 2064 munere
972 2013 1052 2065 curet

215 2099 261 2156 Ex
285 2099 380 2156 animo
405 2098 524 2156 studeat
546 2103 646 2170 gratus
670 2103 700 2155 et
723 2115 786 2156 esse
809 2097 895 2157 Deo?

131 2213 159 2253 45
174 2194 215 2249 At
237 2198 342 2265 quotus
365 2198 418 2261 est,
445 2192 562 2264 dignum
585 2208 615 2249 se
639 2190 747 2249 Christi
771 2195 910 2265 sanguine
933 2201 1087 2268 praestans

216 2287 274 2344 Per
295 2289 353 2359 pia,
378 2304 463 2359 quam
485 2287 584 2356 iactat,
609 2288 658 2359 qui
679 2286 785 2358 probet
808 2293 875 2346 acta
896 2288 1006 2348 fidem?

174 2381 291 2439 Scilicet
314 2399 398 2440 omne
421 2382 536 2450 maium,
561 2382 654 2439 scelus
678 2399 761 2440 omne
785 2383 895 2455 inmpit
916 2385 947 2442 in
969 2403 1071 2444 aevum

215 2476 280 2534 Hoc
301 2483 434 2534 nostrum
456 2476 534 2534 ferro
559 2475 659 2533 durius
683 2482 712 2534 et
736 2477 871 2551 chalybe3

75 2642 78 2646 Δ
174 2571 258 2629 Victa
280 2571 359 2629 iacet
381 2573 482 2640 virtus,
505 2571 584 2628 vitiis
607 2572 782 2644 iuvenesque
806 2588 956 2646 senesque,

130 2685 161 2727 ao
217 2665 339 2724 Artibus
362 2667 514 2738 invigilant
535 2666 580 2723 vir
602 2665 760 2738 mulierque
783 2667 877 2724 malis.

174 2760 278 2829 Fraus,
301 2760 408 2829 Venus,
434 2759 561 2818 ebrietas
585 2765 616 2816 et
637 2776 720 2818 amor
742 2761 909 2819 dominatur
930 2762 1069 2833 habendi,

217 2854 273 2911 Est
295 2870 400 2912 nomen
425 2855 530 2927 pictas,
554 2871 660 2912 nomen
682 2855 767 2912 inane
790 2855 875 2913 tides.

176 2949 217 3006 Et
240 2948 414 3017 dubitamus
439 2950 534 3008 adhuc
556 2965 615 3007 non
638 2949 804 3008 exhibitura
827 2957 980 3024 sequentes

216 3043 326 3105 Mundo
350 3044 446 3102 aderit
468 3044 537 3116 quin
559 3045 752 3117 iamiamque
777 3063 912 3117 suprema
935 3044 1019 3106 dies?

135 3139 202 3199 550
226 3139 273 3211 qui
296 3138 443 3211 praedixti
465 3138 550 3197 nobis
572 3139 653 3211 prius
677 3140 782 3210 omnia,
807 3138 894 3199 finem

219 3233 272 3290 His
295 3234 426 3305 positure
450 3234 541 3304 malis,
566 3235 690 3291 maxime
715 3233 840 3305 Christe,
864 3235 945 3293 veui!

521 3473 724 3482 ——--—-
