2476 4050
134 187 172 245 76
259 198 300 244 vr,
324 199 478 246 ononmvs
499 202 671 246 unanimus
713 200 808 246 srnon
829 201 977 248 naum-vs

137 388 141 396 ·
171 373 340 432 Meruimus.
387 376 446 434 Sed
469 382 550 434 tuum
574 383 626 447 est,
653 396 669 436 o
692 377 782 448 DeuS,
807 395 931 450 parcere

172 468 213 524 Et
234 486 336 540 preces
361 471 521 543 supplicum
545 473 621 530 nolle
647 477 842 530 contemnere.

131 580 160 621 eo
177 561 268 634 Culpa
290 581 343 621 nos
367 567 472 624 merita
495 568 625 639 quamvis
648 572 770 638 premat,
795 584 852 624 non
877 573 975 625 temen

173 657 244 714 Ideo
268 665 365 717 cessat
387 661 455 717 mali
477 662 667 733 perpetrandi
690 661 780 719 furor.

175 750 237 821 Quo
261 755 331 824 rulo,
358 771 445 812 caeca
468 753 569 813 mens?
616 756 746 825 Paenitc,
771 757 889 828 paenitc

177 845 216 901 Et
239 863 337 905 sacras
362 867 445 906 curre
469 850 506 907 ad
530 867 611 907 aras:
645 851 725 908 Deus
749 850 901 907 criminum

178 938 349 1000 Contumaci
372 944 452 1001 haud
474 945 548 1002 solet
571 962 680 1017 pronus
704 962 788 1002 aures
814 945 893 1003 dare.

131 1051 159 1093 25
238 1035 260 1093 0
284 1044 377 1108 pater,
402 1055 455 1110 per
477 1044 557 1096 tuum
579 1039 670 1096 filium
693 1056 876 1111 quaesumus

175 1129 280 1202 Mitiga
303 1134 413 1190 animos
437 1134 568 1205 acerbae,
594 1134 681 1191 doma
703 1140 824 1205 pectora

175 1223 266 1295 Dura,
291 1224 329 1284 da
352 1228 435 1284 dulce
458 1230 539 1299 pacis
561 1228 671 1286 bonum
694 1233 724 1286 et
746 1229 879 1299 spiritum

177 1318 304 1377 Caelitus
328 1322 410 1379 mitte
435 1340 557 1391 sacrum,
584 1324 690 1394 quietis
714 1323 799 1379 deum

176 1415 271 1485 Atque
296 1417 479 1486 concordiae,
504 1418 528 1473 si
551 1416 610 1474 fide
632 1419 779 1489 poscimus

132 1527 161 1569 30
177 1507 435 1583 Obsecramusque,
461 1512 486 1567 si
509 1516 538 1568 te
560 1510 687 1569 fatemur
710 1512 772 1580 soli,

177 1605 279 1676 MariS,
303 1606 411 1678 abyssi,
437 1606 573 1676 aetheris,
598 1607 735 1663 mentium
760 1607 908 1663 hominum
930 1612 1045 1678 patrem

178 1700 414 1772 Praepotentem,
439 1706 490 1758 tua
513 1701 625 1772 sospita
646 1719 699 1759 nos
724 1701 793 1772 ope!

177 1795 259 1852 Bella
282 1796 411 1853 crudelia
434 1794 595 1866 famemque
619 1796 754 1853 miseram
778 1801 807 1852 et
826 1795 903 1852 luem

178 1890 346 1947 Morhidam
369 1890 406 1947 ad
429 1890 585 1946 Thracium
609 1906 662 1961 age
685 1890 858 1961 Bosporum.

135 2003 164 2044 35
180 1985 284 2057 Capita
308 1984 521 2041 discordiarum
544 1989 595 2040 tua
618 1984 740 2041 dextera

179 2080 269 2152 Tolle,
294 2097 393 2138 rursus
417 2079 487 2136 boni
509 2077 640 2151 fulgeant
661 2084 694 2135 ut
717 2079 788 2136 dies¹

456 2575 579 2633 stolon
608 2573 793 2631 LEMNIVS.

459 2723 511 2779 Ad
533 2721 782 2779 Bersabaeam.

180 2855 261 2911 Inter
283 2854 417 2911 Iudaicas
440 2851 637 2924 pulcherrirna
659 2856 749 2921 nupta
772 2848 901 2914 maritae,

225 2948 282 3006 Gur
305 2953 355 3006 tua
377 2947 506 3005 fontanis
530 2963 615 3003 crura
637 2945 771 3002 lavantur
794 2942 884 3014 aquic,

181 3043 253 3100 Cum
276 3045 315 3100 sis
340 3048 369 3100 et
391 3042 507 3114 liquidis
532 3046 563 3097 tu
585 3041 670 3112 longe
693 3039 795 3110 purior
817 3032 923 3093 undis?

223 3139 383 3209 Perspicua
405 3138 505 3194 niveus
528 3153 580 3208 pes
604 3134 657 3191 tibi
680 3134 758 3190 lucet
781 3126 864 3203 aqua.

151 3232 330 3293 5Floridior
351 3232 454 3304 pratiS,
479 3232 569 3303 riguis
593 3229 747 3286 iucundior
770 3226 873 3295 hortis,

223 3328 363 3385 Lucidior
385 3328 461 3384 vitro
487 3327 695 3396 candidiorque
718 3323 783 3378 nive

182 3424 261 3498 (lleu
283 3423 386 3490 sceluS,
411 3422 480 3496 heu)
504 3423 566 3492 regi
589 3420 708 3476 nimium
730 3416 860 3474 formosa
883 3413 1000 3481 viderie,

223 3517 347 3575 Desine!
372 3517 446 3573 Nam
469 3515 564 3573 forma
587 3521 630 3571 est
654 3513 820 3584 perniciosa
842 3516 901 3566 tua.

178 3612 330 3670 Debueras
354 3612 449 3669 vultus
472 3611 573 3683 potius
597 3608 718 3666 foedare
741 3622 871 3673 serenoS,
933 3667 934 3670 Ἴ
