2476 4050
142 166 200 228 104
447 177 489 222 1x.
517 177 661 222 usmclvs
683 177 811 224 cousus,

136 372 178 414 iso
193 354 232 410 Et
255 357 352 412 vanos
375 356 456 428 aegri
478 356 593 428 pecoris
616 373 721 414 sanare
745 354 881 415 dolores?

194 449 275 519 Quae
298 450 366 507 dum
389 467 448 507 non
470 451 562 508 soluit
584 451 702 522 quidam
724 452 793 509 olim
815 452 936 510 credere
958 458 1063 524 pastor

191 544 347 602 Necdare
369 563 423 618 pro
446 546 525 603 salvo
549 563 637 618 grege
660 563 745 618 quem
766 547 941 619 promiserat
964 564 1079 619 agnum,

193 638 289 697 Saxea
311 641 438 712 deriguit
462 645 574 698 mutato
599 657 722 713 corpore
744 641 845 699 moles

191 733 268 792 Vera
290 735 402 806 loquor,
427 736 484 791 toti
506 752 552 792 res
578 741 623 793 est
646 752 681 793 ea
704 736 821 808 cognita
843 736 904 793 ruri

135 846 177 887 186
192 827 255 886 Nec
276 830 378 900 procul
400 830 456 886 hoc
479 831 587 887 uostris
611 835 743 902 spectatu
765 829 936 902 parentibus
959 848 1040 903 agro,

192 922 300 980 Exstat
322 923 417 981 adhuc
440 941 579 996 praesens
602 925 776 998 veniensque
800 921 928 982 exstabit
953 927 982 982 in
1010 942 1111 984 aeuum

191 1017 233 1075 Et
254 1035 325 1090 grex
348 1024 379 1076 et
400 1024 511 1091 pastor,
535 1020 636 1091 primis
659 1020 709 1078 ubi
731 1019 858 1077 Bestava
880 1021 950 1077 rivis

191 1113 341 1183 Exoritur,
365 1114 466 1186 pavidi
489 1115 598 1171 circum
621 1119 770 1172 terrentur
792 1120 938 1186 agrestes3

192 1206 259 1280 Ipse
283 1225 337 1281 ego
359 1210 540 1280 praeteriens
563 1207 605 1266 ibi
627 1209 688 1266 vidi
711 1226 797 1282 saepe
820 1210 918 1267 viator

136 1317 177 1360 mo
192 1301 371 1373 Ignarusque
395 1303 445 1359 diu
468 1320 567 1360 verum
589 1320 678 1374 pecus
702 1320 767 1361 esse
789 1305 898 1375 putavi.

522 1440 727 1513 Polyphemus.

191 1550 259 1608 Non
281 1569 335 1624 ego
359 1558 419 1610 tarn
442 1553 566 1625 simplex
587 1571 641 1611 nec
664 1570 715 1611 ero
738 1559 798 1611 tam
821 1552 955 1611 credulus
976 1569 1110 1625 unquam,

192 1645 274 1702 Haec
298 1651 331 1703 ut
352 1664 423 1704 vera
444 1652 553 1719 putem,
577 1665 669 1705 vanae
693 1652 760 1704 sunt
783 1647 879 1705 onmia
901 1664 1010 1720 nugae:

190 1739 273 1798 Talia
295 1743 492 1813 praetendunt
516 1742 664 1815 capiendis
688 1743 763 1800 retia
785 1743 917 1799 nummis

561 1877 684 1950 Sylvius.

190 1989 278 2048 Esto!
302 1990 371 2048 Pios
394 2008 540 2064 nunquam
562 1990 673 2063 poteris
697 1991 874 2062 reprendere
897 1990 1014 2061 fratres

136 2101 178 2143 195
193 2084 249 2154 Qui
272 2103 325 2142 sua
347 2103 400 2158 pro
423 2087 474 2143 vili
495 2085 574 2144 bona
597 2085 753 2143 deseruere
776 2085 887 2143 cucullo

189 2178 230 2235 Et
252 2186 368 2238 tenuem
391 2182 502 2239 malunt
524 2181 651 2239 mendici
673 2181 780 2238 ducere
807 2181 905 2237 vitam.

192 2273 305 2330 Horum
327 2292 373 2332 me
396 2277 524 2344 miseret,
549 2292 609 2333 non
632 2281 699 2332 sunt
720 2280 755 2332 ut
776 2275 868 2332 ceteri
889 2277 979 2344 avari,

190 2368 349 2440 Accipiunt
371 2386 444 2441 quae
468 2370 588 2442 quisque
611 2374 710 2441 potest
733 2370 804 2427 dare
827 2369 904 2428 dona
928 2369 1056 2437 colorus,

131 2492 134 2497 ·
192 2461 340 2533 Caseolos‚
364 2463 462 2533 linum,
486 2463 653 2535 pullastros‚
679 2480 741 2533 ova,
762 2464 906 2536 legumen.

131 2575 176 2617 eoo
190 2557 252 2614 Nec
275 2563 373 2616 tamen
395 2558 468 2616 haec
491 2558 592 2630 gratis,
616 2558 693 2615 bona
715 2558 799 2616 nobis
822 2559 954 2632 praemia
975 2558 1103 2617 reddunt

190 2651 329 2710 Sentibus
352 2653 472 2711 inferias
496 2652 640 2711 facientes
663 2654 797 2712 manibus
822 2659 907 2712 orant

193 2747 336 2822 Pluraque
360 2749 432 2806 dant
454 2749 556 2807 veniae
578 2767 632 2821 pro
656 2749 726 2806 solis
749 2748 829 2807 milia
851 2748 958 2817 verbis,

190 2841 282 2911 Quam
304 2860 358 2915 pro
381 2849 427 2901 tot
448 2844 572 2901 nummis
597 2844 731 2901 Romana
752 2845 862 2916 palatio
885 2843 1013 2901 mittunt.

520 2981 724 3053 Polyphemus.

189 3091 243 3147 Isti
264 3092 329 3164 plus
352 3093 417 3150 aliis
440 3109 573 3165 nequam,
598 3095 766 3165 perversior
788 3093 870 3162 orde,

131 3203 174 3244 eos
190 3184 282 3254 Quem
304 3203 393 3259 penes
418 3204 502 3245 omne
526 3189 633 3257 scelus,
664 3188 766 3245 vitium
792 3188 957 3260 crimenque
985 3187 1111 3259 fovetur,

189 3279 226 3338 Se
249 3287 348 3338 tamen
369 3281 418 3337 hic
441 3281 533 3339 solum
557 3283 697 3340 caelestia
721 3299 811 3354 regna
834 3283 940 3340 mereri

190 3375 286 3434 Iactat
308 3381 338 3434 et
360 3375 391 3433 iu
412 3375 495 3434 divos
520 3393 572 3434 sua
594 3377 656 3433 vult
677 3381 746 3448 post
767 3374 829 3434 fata
852 3375 964 3434 referri.

189 3469 257 3528 Nou
279 3472 321 3529 ita
344 3487 502 3542 suspensae
524 3476 690 3528 monstrant
712 3476 780 3528 ante
803 3488 871 3529 ossa
893 3471 1027 3539 tabellae,

190 3564 224 3622 In
248 3567 351 3639 quibus
374 3566 456 3624 aeria
477 3564 567 3624 iudex
590 3583 678 3637 super
700 3566 775 3623 iride
799 3564 932 3623 Christus
