2476 4050
170 199 228 259 114
444 210 486 258 lx,
515 209 638 255 enonas
662 208 876 255 nnoononovs.

177 405 206 446 so
222 385 280 443 Sed
303 387 387 458 vulgo
411 391 492 455 nota,
516 386 629 443 monuit
652 387 730 458 quod
752 386 859 444 Paulus
883 387 1007 459 etipse.

221 480 284 537 Nec
307 480 422 538 dubites
446 497 504 537 una
526 485 556 538 te
579 481 696 539 novisse
720 481 817 538 omnia
838 499 926 553 posse

221 574 356 632 Humana
378 581 465 648 atque
489 592 573 633 sacru
596 581 626 633 et
648 576 754 633 multos
778 593 917 647 superare
940 577 1096 650 trilingues

221 668 389 727 Teutonico.
426 670 502 739 Quid
526 671 602 727 enirn
624 669 683 728 iarn
705 686 764 727 non
786 676 922 741 prostare
945 669 1101 730 videmus?

221 763 349 821 Primum
372 781 455 821 sacra
477 764 559 822 vides
582 779 641 822 non
663 781 721 821 una
742 762 839 822 Blblia
861 764 957 823 forma

177 877 206 918 eo
221 858 260 914 Et
281 859 370 916 variis
393 859 537 930 impressa
559 859 640 927 locis,
666 859 794 931 capitum
817 876 930 932 quoque
954 877 1086 918 summae
1164 907 1167 913 .

221 952 409 1010 Praestantes
433 953 553 1010 nimium
576 954 605 1010 in
628 953 744 1025 templis
767 954 910 1026 vulgoque
933 955 1079 1026 leguntur.

222 1046 303 1116 Quae
326 1047 350 1104 si
375 1064 433 1105 non
455 1047 529 1105 adeo
552 1047 636 1119 plene
660 1048 715 1105 tibi
737 1048 852 1120 singula
878 1047 987 1118 dicunt,

223 1140 472 1199 Commentatores
495 1147 571 1213 pete,
596 1158 719 1214 quorum
741 1139 868 1200 maxima
890 1144 1000 1214 passim

223 1235 315 1308 Copia
338 1236 499 1294 Teutonico
523 1241 700 1294 tractantum
722 1237 847 1308 mystica
869 1236 928 1294 filo.

179 1349 208 1391 95
222 1330 332 1389 Multos
355 1331 485 1388 invenies
508 1331 538 1387 in
561 1331 685 1402 quinque
707 1331 854 1389 volumina
876 1332 979 1400 Mesia,

223 1424 257 1481 In
279 1425 406 1497 reliquos
430 1426 518 1482 etiam
540 1441 660 1496 magnos
683 1441 847 1498 parvosque
870 1426 1031 1499 prophetas

223 1520 311 1592 Inque
334 1520 545 1592 hagiographa,
570 1535 642 1592 quae
667 1520 776 1589 dicunt,
800 1521 935 1594 pactique
958 1523 1089 1580 recentis

223 1612 335 1671 Omnia.
360 1614 436 1684 Quid
460 1616 580 1672 recitem
602 1614 734 1687 postillae
758 1615 861 1674 ordine
884 1614 971 1688 longo

223 1708 280 1767 Pro
305 1709 399 1767 doctis
423 1712 547 1782 scriptas
571 1708 640 1767 solis
664 1710 710 1766 vel
731 1709 816 1781 plebe
842 1711 953 1781 supina,

166 1821 208 1862 100
224 1803 300 1872 Quas
324 1804 369 1860 vel
390 1804 547 1876 publicitus
571 1804 677 1861 recites
700 1804 746 1862 vel
769 1804 848 1862 solus
871 1805 901 1860 in
924 1809 1006 1862 arcta

223 1897 381 1955 Percurras
405 1896 497 1955 cella?
521 1897 695 1955 Communes
719 1898 825 1956 deinde
847 1899 928 1956 locos
951 1895 1041 1971 qnid?

225 1992 357 2064 Quidque
382 1993 575 2051 catechismos
599 1992 703 2059 dicam,
727 1992 797 2064 quid
820 1998 920 2051 cetera
942 1993 1041 2062 multa,

224 2086 304 2156 Quae
327 2088 436 2158 passim
458 2087 582 2145 volitant
605 2086 756 2145 animabus
780 2087 890 2159 scripta
913 2085 1076 2146 docendis?

224 2180 383 2240 Praeterea
405 2188 522 2254 patrum
546 2198 630 2254 quam
653 2182 777 2254 plurima
799 2199 885 2239 versa
906 2182 1036 2240 uidebis¹

167 2292 208 2334 105
223 2273 438 2350 Teutoniceque
461 2277 527 2348 legi,
553 2277 577 2334 si
600 2277 669 2348 quid
691 2276 838 2350 libeatque
862 2276 998 2348 velisque.

224 2369 281 2426 Sed
304 2370 377 2427 nihil
399 2377 445 2428 est
467 2372 521 2427 tibi
545 2388 631 2442 opus3
656 2371 757 2428 melius
781 2372 908 2429 docuere
930 2371 1038 2429 novelli

130 2528 132 2533 ,
225 2463 336 2533 Omnia,
362 2481 483 2536 quorum
507 2482 606 2521 omnes
629 2465 735 2536 legisse
758 2465 872 2523 libellos

226 2558 282 2614 Est
304 2557 411 2616 infiniti
433 2559 545 2630 pariter
567 2559 690 2630 vanique
712 2560 821 2631 negoti.

222 2652 345 2725 Insuper
368 2657 398 2711 et
420 2655 516 2726 magni
540 2657 671 2725 sumptus
695 2654 810 2711 emisse.
843 2653 965 2712 Duobus

169 2766 211 2807 110
226 2748 285 2805 Aut
308 2748 402 2806 tribus
426 2750 464 2807 ad
487 2749 638 2806 summum
653 2754 804 2806 contentus
828 2750 910 2821 dege,
935 2748 1026 2807 locari

226 2842 259 2899 lu
279 2844 403 2903 meliora
426 2849 535 2916 queunt
556 2845 674 2913 nummi,
699 2844 723 2900 si
745 2843 846 2901 forsan
869 2843 1009 2900 abundas.

226 2937 325 2994 Rcbus
340 2939 379 2997 rin
401 2938 535 2996 humanis
559 2939 627 3011 quid
652 2943 755 2996 cuncta
778 2938 924 2995 volumina
945 2933 1083 2994 narrem?

226 3030 338 3088 Omnia'
353 3033 515 3090 Teutonico
537 3032 628 3090 ferme
651 3049 727 3089 nuuc
749 3048 834 3090 versa
856 3034 1001 3104 leguntur,

225 3124 305 3194 Quae
329 3126 449 3184 Graecis
472 3132 586 3183 tantum
608 3126 725 3183 fuerant
748 3127 792 3184 vel
815 3127 925 3198 scripta
946 3126 1071 3184 Latinis.

170 3237 212 3279 115
226 3218 307 3281 Haec
330 3219 398 3277 ideo
422 3221 498 3290 dieo,
522 3226 555 3277 ut
578 3236 737 3292 cognoscas
760 3237 880 3293 prorsus
904 3221 1034 3293 ineptum

225 3315 322 3385 Atque
345 3330 554 3387 supervacuum
578 3315 747 3386 peregrinas
772 3315 886 3373 discere
908 3316 1032 3388 linguas

227 3407 318 3479 Quam
340 3407 427 3466 facile
451 3414 480 3465 et
502 3409 598 3480 possis
622 3425 788 3480 supremum
811 3409 952 3468 scandere
976 3410 1100 3480 culmen,

226 3503 294 3560 Non
316 3504 447 3576 pluteum
469 3507 501 3560 ut
523 3503 620 3560 multis
644 3520 748 3560 oneres
771 3511 954 3576 mentemque
977 3503 1084 3561 libellis

225 3593 322 3669 Teque
347 3599 420 3657 adeo
445 3596 567 3668 adfligas
591 3598 776 3656 otiam-haec
799 3603 885 3670 atque
909 3599 959 3656 illa
981 3598 1117 3669 legendo.
