2476 4050
552 762 575 817 I.

350 896 523 954 loannes
546 896 775 954 DANTISGVS.

428 1025 480 1082 Ad
504 1025 699 1083 Grinaeanr.

121 1152 214 1222 Quam
237 1152 327 1209 durae
350 1153 449 1210 miseri
472 1160 539 1210 sunt
562 1155 739 1212 conditionis
763 1151 904 1225 amantes

165 1245 219 1317 oui
242 1247 335 1304 nullas
359 1247 443 1304 sedes
466 1265 520 1304 nec
543 1249 608 1306 loca
632 1254 713 1306 certa
735 1249 850 1306 tenenti

75 1418 77 1421 v
122 1341 171 1398 Nil
194 1341 281 1398 datur
303 1346 462 1411 aeternum,
488 1343 540 1400 sed
563 1360 618 1414 quo
641 1344 720 1414 rapit
741 1345 875 1415 impetus,
900 1345 968 1403 illuc

165 1436 301 1507 rambigui
324 1437 354 1492 in
378 1436 473 1493 dubiis
496 1443 617 1508 pectora
640 1438 726 1494 rebus
751 1443 849 1509 agunt..

93 1530 231 1589 oErrant
254 1535 283 1586 et
305 1547 373 1587 raro
396 1531 512 1602 placida
536 1532 663 1588 statione
685 1530 822 1588 fruuntur

166 1625 262 1696 Atque
286 1624 343 1681 alia
366 1642 401 1680 ex
424 1625 488 1681 aliis
512 1625 564 1681 sub
588 1626 656 1696 iuga
680 1627 787 1682 amoris
812 1631 890 1682 eunt.

122 1720 204 1775 Haec
227 1719 336 1789 placuit
358 1719 478 1787 Danais,
501 1719 595 1775 Latiis
618 1719 686 1775 hinc
708 1720 758 1776 illa
781 1719 833 1775 sub
858 1721 926 1790 oris

18 1810 21 1816 ’
72 1830 74 1834 ·
164 1813 245 1870 Haec
268 1811 361 1883 fulvis,
387 1815 478 1870 niveis
501 1815 614 1885 gratior
635 1814 685 1870 illa
709 1815 813 1885 comis3

123 1910 223 1966 Aurea
246 1908 390 1979 disposuit
411 1909 550 1979 pulchrae
573 1909 646 1965 haec
670 1909 841 1966 redimicula
863 1910 953 1967 vittae

77 2024 105 2064 10
164 2002 305 2074 Morsque
330 2002 473 2059 Germano
497 2002 543 2059 vcl
565 2003 634 2060 Iove
658 2003 747 2074 (ligna
768 2001 831 2059 fuit..

123 2097 182 2155 Sub
205 2096 301 2168 gelido
325 2096 427 2153 Arctoi
450 2097 547 2167 placet
569 2097 663 2154 altera
686 2097 782 2154 sidere
806 2098 880 2155 caeli

167 2190 331 2248 Candentcs
355 2208 495 2262 superans
520 2192 645 2248 candida
668 2196 732 2248 tota
754 2209 846 2249 rosas.

122 2287 256 2358 Denique
279 2302 458 2357 quocumque
482 2286 642 2344 adveniunt
664 2293 800 2358 terraque
822 2288 960 2360 marique,

165 2379 338 2451 Hospitibus
361 2381 459 2436 varius
483 2381 573 2438 corda
596 2386 731 2452 pererrat
754 2382 858 2454 Amor;

81 2495 109 2537 15
123 2476 164 2532 Et
187 2475 255 2532 dum
276 2475 335 2531 iarn
358 2475 463 2532 tacitos
486 2476 612 2547 inspirat
634 2475 774 2533 subdolus
798 2477 889 2548 ignea,

166 2570 201 2626 In
222 2570 324 2641 longas
347 2569 452 2625 iterum
476 2571 555 2641 cogit
577 2569 661 2628 abire
684 2571 757 2627 vias

124 2647 243 2736 Singula
264 2681 340 2720 nuuc
362 2664 477 2732 misere,
502 2664 570 2720 (lum
592 2670 631 2733 tc,
658 2664 794 2733 Griuaea,
818 2665 957 2736 relinquo,

165 2759 313 2830 Experior
335 2765 448 2815 vastum
471 2776 591 2829 carpere
614 2759 710 2816 iussus
734 2759 798 2815 iter.

125 2852 200 2924 auio
222 2854 314 2924 magis
338 2854 487 2910 excruciat
510 2871 595 2925 quam
618 2858 705 2926 grata
727 2853 890 2924 relinquero
914 2859 1019 2926 coepta

81 2966 110 3009 ao
168 2948 207 3005 Et
230 2965 320 3019 spem,
345 2964 417 3019 quac
440 2949 563 3005 miseros
588 2949 651 3005 sola
673 2949 703 3004 in
726 2964 826 3005 aurore
848 2945 937 3005 beat?

125 3041 173 3100 Sic
197 3043 272 3100 solet
294 3043 435 3113 impastus
457 3043 519 3100 viso
543 3044 627 3115 lupus
652 3043 695 3100 ire
719 3043 755 3100 ab
773 3043 849 3111 ovili,

168 3136 215 3194 Sic
239 3138 301 3209 apis
325 3154 361 3194 ex
384 3137 461 3194 dulci
482 3135 556 3195 flore
581 3138 698 3209 repulsa
720 3138 813 3209 volat3

123 3232 278 3303 Decipitur
301 3233 401 3288 sitiens
424 3231 556 3304 fugitivis
579 3232 720 3289 Tantalus
743 3232 828 3288 undis

167 3327 208 3383 Et
231 3326 308 3399 quod
330 3332 471 3397 perpetuo
495 3327 600 3398 poscit,
625 3326 733 3383 habere
756 3327 864 3397 nequit.

82 3440 111 3484 25
124 3422 236 3479 Durior
258 3426 303 3478 est
325 3438 390 3478 mea
413 3438 486 3492 sors,
511 3421 580 3477 dum
605 3420 708 3478 desero
731 3425 859 3477 maestus
883 3426 1020 3490 amatam,

168 3515 248 3585 Quae
271 3532 316 3572 nie
339 3515 525 3586 prosequitur
546 3531 649 3586 meque
673 3518 772 3571 tenere
796 3514 884 3586 cupit.

124 3623 164 3656 aar.
178 3621 360 3655 thtcruturdcnkm.
371 3620 381 3654 7
386 3641 390 3651 -
902 3609 926 3659 χ
