2476 4050
406 228 446 273 vl.
477 226 629 273 GEORGIVS
652 226 823 274 FABRIUIVS.

284 405 379 462 Fruar
400 403 550 462 laboribus
572 405 644 462 meis
666 406 814 462 iuventam

337 499 448 556 Videas
470 499 544 556 bene
568 500 740 557 institutam.

288 595 399 652 Serena
423 595 506 651 stella
528 593 639 667 fulgeat
661 612 827 666 supremum

336 689 422 746 Diem
444 689 567 746 vehente
590 689 662 757 fato,

287 785 325 841 Vt
349 783 502 856 expeditus
525 783 593 841 hinc
616 801 679 841 cam
702 783 788 856 inque
813 783 929 841 Olnn'sto

336 879 425 937 Nesis
449 895 552 935 severa
574 879 697 936 vincam.

286 978 351 1034 Hoc
373 976 403 1031 in
424 973 539 1045 fideque
563 990 670 1045 speque
694 973 877 1045 supplicanti,

340 1071 429 1127 Pater
451 1069 584 1138 benigne,
609 1068 727 1139 praebe,

288 1167 326 1223 Et
349 1164 485 1236 imperita
508 1180 588 1219 mens
611 1168 728 1219 vetante
752 1179 838 1220 carne

339 1259 448 1330 Nequit
470 1258 547 1329 quod
569 1258 685 1325 intueri,

287 1355 351 1412 Hoc
375 1353 451 1410 adde
475 1357 586 1423 sponte,
611 1368 677 1408 nam
701 1353 743 1408 tui
766 1352 844 1424 quod
866 1368 986 1424 usquam
1010 1357 1054 1408 est

337 1448 460 1505 Favoris
484 1463 567 1503 omne
591 1464 703 1503 munus.

581 1757 662 1815 oda.

131 1890 187 1951 Ad
210 1887 406 1947 tollendam
421 1888 517 1944 inter
532 1887 714 1958 principes
729 1888 870 1958 patriae
888 1888 1108 1946 discordiam

303 1998 338 2050 et
359 1993 503 2064 patriae
527 1992 711 2048 tumultum
735 1993 937 2049 sedandum.

177 2124 212 2181 Id
235 2123 325 2180 etiam
349 2122 459 2179 restitit
481 2121 604 2193 patriae,
630 2121 785 2177 hostilibus

175 2218 246 2293 (Pro
269 2216 412 2295 facinusl)
437 2217 560 2272 invicem
583 2220 615 2271 ut
639 2216 807 2272 concideret
831 2214 969 2272 ensibus?

176 2313 247 2383 Quis
270 2311 352 2368 furor
375 2316 434 2367 tam
456 2309 512 2367 fuit
534 2307 688 2381 pertinax?
712 2309 804 2380 ¹Quae
827 2311 889 2367 lues

175 2408 249 2465 Tam
271 2405 375 2463 rabida
398 2405 434 2462 ab
457 2403 559 2462 inieris
583 2404 700 2461 sedibus
725 2410 754 2462 et
776 2405 898 2463 horrida

129 2523 145 2564 5
175 2503 271 2560 Nocte
295 2501 379 2558 mites
405 2501 501 2572 coegit
525 2501 602 2556 viros
627 2500 765 2571 sanguine
790 2507 819 2556 ot

175 2595 311 2654 Foedere
334 2613 368 2653 ae
391 2593 521 2666 pluribus
547 2610 697 2666 compares
720 2595 841 2652 vinculis

176 2691 326 2763 Stringere
348 2691 377 2747 in
401 2693 502 2746 mutua
525 2706 609 2746 enses
632 2705 736 2760 graves
760 2686 898 2746 vulnera?

176 2785 308 2844 Audient
329 2783 412 2855 impii
434 2800 488 2840 nos
511 2783 659 2854 professos
685 2782 767 2838 simul

178 2880 375 2938 Christianam
397 2877 486 2935 fidem
508 2877 584 2934 ferro
608 2895 683 2933 nunc
707 2877 820 2933 hostica

136 2997 162 3038 ro
176 2977 277 3044 Arma,
303 2975 365 3046 quis
389 2973 497 3029 rectius
522 2973 715 3029 caederentur
738 2971 829 3028 Getae

176 3070 311 3138 Barbari,
336 3069 399 3141 quis
422 3067 534 3139 periret
555 3066 689 3136 Babylon
711 3065 844 3136 improba

177 3165 313 3237 Quisquis
338 3168 367 3220 et
389 3162 506 3219 veritati
530 3167 672 3233 repugnat
693 3160 758 3217 Dei.

237 3260 329 3317 Tecta
351 3257 477 3328 flagrare
500 3273 558 3313 non
581 3256 712 3312 Thraciis
736 3255 851 3326 ignibus

177 3355 320 3423 Vidimus
345 3352 469 3409 vidimus
494 3369 558 3407 cum
582 3350 715 3406 domibus
739 3349 848 3421 oppida

138 3468 165 3511 15
178 3450 285 3508 Diruta
307 3448 364 3504 heu
386 3463 444 3502 non
469 3447 584 3516 tyranni
608 3462 694 3501 marm
718 3444 846 3500 Pontici:

179 3544 276 3602 Paene
299 3541 424 3600 fratrum
448 3541 517 3597 data
540 3540 612 3596 hacc
636 3540 741 3595 (lamna
764 3544 831 3594 sunt
855 3538 992 3595 dexteris.

169 3630 298 3696 'Fuimus
322 3636 430 3708 ingrati
454 3641 483 3692 et
505 3635 561 3692 hoe
585 3651 668 3691 omne
692 3635 860 3704 maioraque
