2476 4050
137 192 173 248 10
261 203 281 250 Ι.
305 200 457 246 ouonolvs
474 200 609 246 SABINVS.
653 200 787 245 IOANNES
810 199 978 244 STIGELIVS.

175 379 229 434 His
253 378 384 435 animosa
406 379 470 449 pias
493 377 646 434 hastilibus
670 376 773 433 adsere
797 380 907 447 gentes

217 472 248 529 Si
271 473 339 544 quid
362 473 393 528 in
416 472 520 529 audaci
542 478 661 543 pectore
685 470 791 526 Martis
815 469 921 526 habes!

133 587 161 627 ra
176 569 202 624 A
226 567 335 638 pudeat
358 566 482 637 Soytiois
506 584 652 637 egressum
676 565 782 622 finibus
805 565 920 622 hostem

218 661 344 718 Militiae
369 662 452 718 nobis
475 662 670 732 praeripuisse
696 661 797 718 clerus!

175 756 277 813 Mollia
301 756 366 812 dum
391 756 538 827 sequimur
560 773 612 812 nos
637 756 746 812 desidis
771 756 831 811 otia
854 755 941 820 vitae,

217 852 332 921 Aspera
354 850 481 906 bellator
502 851 613 921 proclia
636 851 731 906 Turca
753 850 838 918 facit,

173 946 250 1003 Dum
274 962 344 1001 cane
368 962 506 1001 venamur
527 945 641 1015 leporcs
666 949 716 1001 aut
741 944 859 1015 cuspide
884 943 983 999 damas

131 1059 160 1100 ao
218 1039 357 1110 Figurae,
382 1039 430 1095 ille
454 1056 505 1095 suo
529 1039 619 1095 milite
643 1056 733 1110 regna
757 1039 848 1108 capit,

174 1134 306 1206 Denique
328 1151 382 1191 nos
406 1139 519 1190 tantum
542 1134 603 1190 sine
628 1134 767 1204 sanguine
791 1132 916 1188 ludimus
941 1130 1037 1198 annis,

216 1228 268 1285 Ille
291 1229 368 1299 gerit
389 1227 460 1285 forti
483 1228 560 1285 soria
582 1227 658 1284 beha
681 1244 775 1284 rnanu.

174 1325 214 1380 At
237 1340 380 1395 generosa
403 1323 460 1378 tuis
484 1322 640 1378 Germania
663 1322 779 1383 consule
803 1320 899 1388 rebuS,

220 1416 298 1488 Coge
321 1417 507 1489 pharetratos
530 1420 645 1473 vertero
669 1422 752 1487 terga
775 1414 878 1472 Getas!

132 1532 161 1572 aa
177 1513 243 1584 lpse
267 1519 332 1569 tuas
355 1512 442 1568 urbes
467 1529 482 1569 o
504 1509 636 1568 faucibus
662 1511 741 1582 eripe
764 1511 815 1567 leti

217 1606 258 1663 Et
280 1613 362 1664 vetus
386 1607 501 1678 imperii
524 1607 620 1662 Marte
643 1610 726 1662 tuere
750 1604 852 1661 decus!

175 1701 205 1758 Si
229 1718 332 1758 secura
355 1702 423 1758 mali
446 1718 503 1758 non
526 1697 728 1771 profligaveris
751 1699 874 1765 hostem,

219 1796 327 1852 Tristia
350 1796 461 1853 erudeli
483 1797 603 1852 vulnera
627 1794 709 1851 clade
733 1794 819 1851 feres.

286 1992 324 2048 ln
347 1992 631 2048 obtrectatorem
655 1991 768 2047 Vlrici
791 1989 950 2045 Hutteni.

177 2113 299 2186 Frigida
322 2118 390 2170 tune
414 2129 499 2170 vocas
523 2112 645 2170 Hutteni
670 2112 798 2169 carmina
821 2111 904 2178 vatiS,

219 2207 306 2264 Cuius
330 2209 360 2265 in
383 2208 499 2279 ingenio
523 2208 619 2264 vivida
642 2204 759 2264 flamma
781 2202 858 2262 fuit?

175 2302 250 2371 Quin
273 2308 324 2359 tua
346 2302 433 2359 Musa
455 2302 524 2373 gelu
547 2306 659 2373 torpet:
684 2305 713 2358 te
737 2301 762 2356 si
787 2300 849 2372 quis
873 2300 911 2356 ad
934 2299 1013 2355 illum

220 2395 392 2465 Contnlerit‚
417 2396 509 2468 glacie
531 2395 685 2468 frigidiora
709 2396 796 2453 canis.

516 2618 719 2625 ——-—

411 2824 584 2882 IOANNES
615 2820 827 2880 sTIGELIVS.

423 2988 564 3045 Cassita
586 2987 695 3044 initio
718 2985 822 3042 veris.

176 3113 215 3169 Vt
236 3115 352 3172 rediens
377 3132 543 3187 ramumque
567 3115 663 3172 ferens
686 3113 849 3172 frondentis
875 3113 967 3170 olivae

218 3208 328 3265 Nuntia
350 3209 482 3287 laetitiae
505 3210 598 3280 prima,
622 3209 756 3266 columba
778 3208 841 3277 fuit,

176 3301 247 3358 Cum
271 3309 386 3360 servata
409 3303 517 3360 vehens
541 3304 683 3361 humanae
708 3304 819 3360 semina
842 3302 936 3374 gentis

218 3396 309 3453 Noias
333 3398 480 3454 Armeniis
505 3399 638 3454 constitit
661 3415 729 3454 arca
752 3398 837 3468 iugis,
1100 3458 1105 3465 ,

145 3490 223 3551 asic
246 3491 316 3546 mihi
339 3493 512 3563 principium
536 3510 610 3549 nunc
633 3493 758 3563 primum
781 3492 882 3549 audita
906 3489 959 3548 sub
982 3492 1059 3555 arilli,
1106 3474 1109 3483 Ι

216 3584 336 3642 Laetius
360 3604 376 3642 o
401 3588 511 3643 utinam
534 3592 656 3658 tompus
682 3586 796 3654 alauda,
822 3585 908 3643 feras
