2476 4050
587 734 638 789 lx.

435 897 618 954 nonluus
636 878 799 954 'nnssvs

187 1042 237 1098 De
261 1042 411 1098 Martini
435 1042 582 1099 Lntlieri
607 1044 641 1098 in
663 1043 785 1100 urbem
808 1042 1047 1113 Erpburdiam

453 1145 620 1216 ingressu
644 1145 771 1216 elegia.

175 1271 207 1328 si
230 1290 286 1343 qua
308 1274 388 1344 prius
412 1275 548 1344 querulae
573 1274 721 1330 cecinistis
745 1274 822 1331 laeta
846 1272 999 1339 Camenae,

216 1367 299 1423 Nunc
322 1368 394 1439 elegi
418 1367 523 1424 falsum
545 1386 651 1425 nornen
673 1368 783 1425 babere
807 1368 901 1424 dccet.

174 1461 278 1518 Ponite
300 1461 458 1519 luctificam
481 1463 585 1520 solitae
609 1462 728 1519 sufflare
751 1463 916 1529 monaulon,

217 1555 279 1613 Iam
302 1556 401 1613 decuit
423 1562 535 1613 vestras
558 1558 691 1614 barbitos
715 1563 784 1628 apta
807 1574 916 1613 manus.

143 1650 228 1716 ulte,
253 1651 420 1722 triumphali
443 1652 596 1723 popularia
620 1657 753 1723 tempora
775 1652 856 1707 lauro

218 1744 340 1816 Gurgite,
364 1746 478 1803 laetitia
501 1752 546 1803 est
568 1764 615 1804 res
638 1747 806 1818 peragenda
828 1762 913 1803 nova.

174 1840 278 1897 Inclita
299 1841 457 1911 praecipue
482 1841 611 1898 celebres
635 1840 804 1912 Erphurdia
826 1840 944 1912 plausus

216 1934 289 2004 Ede,
314 1940 380 1992 tuas
402 1934 479 1992 festa
503 1937 614 2008 conlige
637 1935 740 1993 fronde
765 1935 877 1992 comas!

176 2028 251 2087 Ecce
275 2031 361 2098 venit,
387 2031 435 2102 qui
459 2034 487 2086 to
512 2030 548 2087 de
572 2030 708 2087 sordibus
732 2035 816 2087 eruat
837 2031 912 2097 istis,

129 2142 157 2184 ro
217 2123 275 2181 Sub
299 2124 402 2196 quibus
426 2125 482 2181 heu
505 2125 593 2182 nimio
618 2131 749 2196 tempore
772 2141 874 2196 pressa
897 2125 990 2193 iaces3

173 2219 279 2277 Dicere
303 2220 355 2276 sed
377 2219 473 2288 liceat,
499 2220 576 2291 quod
599 2237 679 2277 mens
703 2221 834 2276 animosa
857 2220 963 2275 suasit:

217 2313 385 2371 Veridieum
407 2319 503 2371 ratem
525 2333 601 2371 nunc
623 2315 696 2372 libet
719 2332 783 2372 esse
807 2314 869 2371 tibi.

172 2408 224 2466 Ille
247 2408 310 2466 Deo
334 2414 460 2465 mentem
483 2409 584 2480 plenus
609 2411 738 2481 spirante
762 2411 885 2466 salutem

214 2503 370 2572 Lutherus‚
396 2503 498 2561 sordes
523 2504 599 2561 eluet
622 2505 669 2561 ille
693 2511 767 2561 tuas.

129 2617 157 2658 15
173 2598 216 2654 Tu
239 2598 325 2655 modo
348 2597 487 2655 fidentem
511 2616 591 2670 spem
616 2600 735 2670 concipe
759 2604 788 2656 θῖ
810 2599 868 2655 ista
890 2598 1020 2669 relinque

216 2692 282 2748 Heu
305 2692 379 2749 male
403 2694 552 2764 regnantis
576 2693 714 2763 (logmata
737 2710 811 2749 vana
835 2693 925 2748 cliori.

172 2787 224 2843 Ille
247 2787 363 2858 quidem
385 2788 495 2858 primus
518 2787 591 2843 indit
614 2788 657 2842 vir
680 2788 781 2844 inutile
804 2792 905 2844 nostro

215 2881 359 2952 Tempore
381 2898 435 2952 per
458 2880 567 2937 Christi
591 2899 710 2953 surgere
734 2898 832 2939 semen
856 2899 965 2953 agrum,

172 2976 255 3033 Vidit
277 2982 307 3033 et
330 2981 375 3032 est
398 2993 484 3032 ausus
509 2977 598 3034 tlnros
622 2976 763 3033 adbibere
785 2977 898 3047 ligones

129 3090 159 3131 20
217 3070 369 3142 Noxiaqne
394 3070 500 3128 artifici
523 3072 629 3128 vellere
653 3088 782 3143 quaeque
805 3088 901 3128 mann.

173 3166 251 3222 Ante
275 3165 389 3237 quidem
413 3166 487 3222 vidit
509 3165 673 3237 mundoque
698 3166 826 3223 ostendit
848 3166 999 3235 Erasmus,

217 3258 340 3317 Saecula
363 3277 419 3332 qno
443 3267 564 3319 cernunt
589 3261 703 3317 doctius
728 3261 785 3317 ista
807 3261 888 3317 nihil.

173 3354 266 3422 Quam
288 3353 393 3410 fecisse
417 3355 506 3426 igitur
528 3355 606 3411 velut
631 3361 676 3410 est·
698 3355 791 3412 minus
815 3357 990 3422 ostendisse,

214 3448 362 3505 Lutherus
386 3450 483 3506 meriti
506 3450 645 3520 grandius
669 3450 764 3506 instar
786 3450 883 3517 habet,

127 3562 158 3603 *25
174 3542 256 3600 Sicut
279 3543 435 3601 Atlanteee
459 3543 607 3600 subiturus
630 3544 762 3615 pondera
784 3544 868 3601 molis
