2476 4050
435 197 476 240 1v.
500 194 654 240 HENRIOVS
677 194 835 240 PRORSIVS.

142 395 172 436 ao
230 374 297 432 Rite
320 373 527 446 frequentaris
553 373 639 430 docte
663 372 807 445 Philippe,
832 391 917 431 saera

187 471 293 541 Ampla
317 485 457 541 segesque
482 467 577 525 animo
601 468 741 524 virtutum
763 469 885 539 pullulet
908 470 976 538 alto,

230 565 270 621 Et
293 580 389 621 mores
413 562 523 620 referat
546 563 606 619 vita
628 562 763 619 modesta
785 563 887 632 bonoS,

188 660 250 716 Has
274 658 368 727 doieS,
392 657 480 714 modo
504 659 619 715 sincera
642 673 695 714 ceu
717 663 813 714 mente
838 658 976 729 sepultas,

230 753 394 825 Languenti
417 753 547 824 quamvis
571 769 629 809 non
651 752 768 809 iacuere
792 752 858 821 situ,

143 868 173 909 aa
189 848 285 920 Stirpe
309 852 407 904 tamen
430 847 516 904 claris
538 847 663 918 posthac
685 847 856 903 coniunctus
881 848 991 917 amicis,

230 944 377 1000 Exserere
401 942 520 1014 egregia
542 957 601 998 non
624 941 685 997 sine
708 941 795 999 laudo
818 941 907 999 vales.

188 1038 235 1096 Sic
258 1038 392 1108 amplam,
417 1036 526 1094 dudum
550 1052 635 1108 quam
659 1052 828 1106 concepere,
853 1036 980 1107 replebis

230 1132 317 1204 Spem
339 1136 497 1204 gratusque
520 1130 577 1187 tuis
601 1130 709 1202 gaudia
731 1136 816 1202 grata
840 1130 933 1187 dabis.

188 1228 286 1284 Macte
310 1226 406 1283 animo
429 1225 591 1298 propiaque
615 1230 665 1283 tua
687 1225 794 1281 virtute
817 1230 942 1296 patemo

144 1342 173 1383 30
230 1321 316 1379 Adde
340 1322 438 1379 alacer
459 1320 569 1393 generi,
593 1319 741 1391 pulchrius
765 1320 841 1377 adde
865 1320 968 1377 decus!

187 1418 248 1474 Fac
270 1416 346 1473 idem
370 1416 462 1486 patris
485 1415 611 1488 vestigia
634 1419 698 1472 tuta
721 1415 862 1487 sequaris

229 1512 307 1567 Ante
331 1510 404 1568 alios
428 1510 537 1567 celebri
561 1510 608 1582 qui
631 1510 776 1581 gravitate
800 1510 887 1581 viget.

188 1605 358 1676 Ingeniique
381 1604 467 1659 bonis
491 1603 636 1674 quondam
658 1602 793 1659 felicibus
817 1608 920 1660 auctus

229 1698 344 1755 Tollere
368 1697 551 1768 praeclarum
573 1713 680 1753 nomen
703 1697 740 1754 ad
763 1701 844 1754 astra
866 1697 966 1754 stude!

144 1811 173 1853 35
190 1792 270 1849 Vade
294 1791 384 1864 igitur
406 1791 582 1863 propiusque
605 1791 681 1848 lares
705 1791 844 1862 appellite
868 1807 969 1868 sospes

129 1923 131 1926 >
230 1887 271 1943 Et
292 1885 389 1943 fruere
413 1886 547 1956 amplexu
570 1885 707 1943 liberiore
730 1885 838 1957 patris!

189 1981 329 2053 Aspirent
352 1979 491 2037 blandum
514 1979 641 2053 Zephyri
664 1980 718 2037 tibi
741 1980 859 2038 mitibus
884 1981 972 2049 auriS,

231 2074 417 2132 Phoebaeam
442 2075 537 2132 celent
558 2075 659 2131 nubila
680 2075 759 2132 nulla
780 2073 887 2132 facem!

189 2168 293 2241 Sicque
316 2185 369 2240 per
392 2168 530 2240 ambages
554 2173 583 2226 et
606 2174 708 2241 tesqua
730 2169 788 2226 iter
810 2186 915 2240 aspera
939 2168 1035 2238 ducat,

145 2281 174 2323 40
231 2264 375 2320 Avertant
397 2264 525 2320 humeris
549 2261 611 2321 fata
632 2263 743 2335 pericla
766 2264 832 2321 tuis.

188 2357 307 2429 Iamque
330 2358 403 2427 vale,
428 2357 495 2414 dum
520 2364 678 2430 conspectu
701 2358 855 2432 iungamur
877 2357 991 2427 eodem,

232 2451 321 2510 Vince
345 2453 422 2510 senis
446 2452 520 2525 Pylii
544 2452 661 2510 saecula
683 2454 779 2526 longa.
827 2453 911 2512 Valet
