2476 4050
439 224 480 270 nr.
509 213 801 271 nvarcrvs'ooanus.

522 385 726 458 Polyphemus

150 497 179 539 so
194 479 305 537 Nostra
328 480 497 538 sacerdotes
522 497 623 538 curare
646 480 766 552 negotia
790 476 906 536 credis?

194 575 304 633 Annua
320 575 352 630 ni
375 580 513 646 caperent
534 575 676 647 parientis
698 573 820 632 faenora
842 572 952 631 nummi

194 668 329 741 Quasque
352 686 469 742 gemens
493 669 625 727 trabibus
648 671 696 727 vix
718 669 843 726 sustinet
870 667 979 726 exedra
1001 665 1109 740 fruges,
1181 732 1183 737 ¹

193 763 297 821 Nullus
319 765 350 822 in
373 764 446 822 aede
468 763 546 822 foret
570 769 672 822 cantus
695 764 845 836 nullusque
868 767 1007 835 precatus

191 857 232 914 Et
253 858 349 916 nudac
372 863 486 916 starent
508 860 569 916 sinc
592 858 656 917 luce
679 864 709 916 et
731 858 891 916 honoribus
915 874 993 915 arae.

148 970 177 1011 sa
192 953 303 1011 Nostra
325 952 402 1011 salus
418 954 541 1011 minimo
565 960 609 1012 est
631 954 688 1011 illis
712 960 741 1011 et
764 952 917 1011 commoda
940 968 1036 1021 curae,

191 1047 283 1106 Immo
308 1048 415 1118 dolent,
439 1048 568 1120 gravidis
592 1050 617 1106 si
640 1066 758 1121 campus
781 1047 870 1106 flavet
891 1047 1000 1115 aristis,

191 1142 267 1224 Vilia
289 1159 325 1200 ne
348 1143 457 1201 vendat
480 1144 560 1202 dives
583 1142 730 1201 frumenta
752 1143 881 1201 colonus

191 1236 351 1295 Praeterea
372 1239 462 1296 multo
487 1238 626 1310 quidquid
649 1238 756 1296 sudore
778 1255 914 1310 paramus

192 1331 335 1389 Esuriunt
357 1338 387 1390 et
408 1333 491 1390 hiant
513 1333 603 1390 iciuni
625 1349 706 1391 moro
728 1333 821 1392 leonis

148 1444 178 1486 ao
195 1425 262 1484 Sive
285 1429 354 1500 lupi,
379 1445 395 1485 e
418 1430 494 1486 saltu
517 1429 565 1500 qui
588 1428 657 1486 visis
679 1429 812 1486 imminet
834 1427 926 1500 agnis.

191 1521 246 1591 Qui
268 1522 395 1594 pecudes
418 1540 543 1596 unquam
568 1524 736 1595 caprimulgi
760 1523 864 1596 quique
887 1521 980 1580 redivi

190 1618 296 1674 Acrius
320 1615 464 1690 csugunt?
498 1617 582 1687 Quod
605 1619 647 1674 eis
671 1623 717 1675 cst
740 1617 893 1689 splendida
915 1618 975 1674 uita

188 1712 335 1784 Fulvaque
360 1713 510 1784 congeries
532 1712 619 1784 plena
643 1716 776 1770 servatur
797 1713 828 1768 in
850 1729 928 1782 arca,

188 1806 249 1864 Nos
272 1824 380 1864 vacuos
404 1807 552 1878 querimur
572 1806 683 1865 loculos
708 1812 880 1879 tenuemque
904 1807 1037 1864 culinam.

144 1919 174 1961 os
190 1900 281 1960 Omne
304 1903 382 1974 quod
404 1903 434 1958 in
457 1919 524 1960 rure
547 1907 592 1960 est
614 1902 653 1960 ad
676 1919 726 1960 eos
750 1903 792 1960 sic
816 1900 936 1960 confluit
958 1911 1069 1971 aurum,

189 1995 288 2066 Qualis
309 1997 340 2054 in
363 1995 483 2055 effossa's
507 1996 544 2054 ab
568 2014 638 2070 agro
662 1997 759 2068 pluvia
780 1997 859 2054 unda
881 1997 1008 2054 lacunas.

189 2090 255 2149 Sive
279 2091 367 2149 obeat
390 2108 441 2149 scu
463 2092 567 2149 vitales
590 2092 677 2149 homo
702 2092 788 2149 detur
809 2092 838 2148 in
862 2108 957 2162 auras,

188 2185 334 2259 Quidquid
357 2191 454 2258 agunt,
480 2187 569 2244 ctiam
592 2187 631 2243 sit
653 2191 913 2259 quantumcumque
935 2187 1081 2258 pusillum,

188 2280 318 2339 Maxima
341 2298 456 2353 semper
477 2281 587 2338 habent
610 2281 672 2339 sine
695 2282 769 2339 duro
792 2281 923 2353 praemia
946 2283 1029 2343 callo.

130 2393 173 2436 roo
188 2375 308 2448 Quoque
329 2377 422 2448 magis
446 2377 572 2448 capiunt,
596 2377 690 2434 minus
714 2377 897 2435 exsatiantur
920 2377 1010 2435 avari.

188 2469 293 2540 Credo,
318 2471 342 2528 si
366 2488 421 2542 qua
443 2488 532 2542 pecus
554 2488 652 2529 rasam
673 2473 752 2529 inter
774 2488 883 2529 cornua
905 2470 1030 2529 frontem

186 2564 300 2635 Ferret,
324 2571 416 2624 uter
439 2566 536 2624 densis
559 2565 671 2624 taceret
693 2566 826 2639 glabreta
849 2567 969 2624 salictis.

555 2677 677 2749 Sylvius

186 2769 273 2829 Nulla
295 2772 355 2829 suis
378 2771 470 2829 voluit
493 2771 564 2828 deus
589 2788 652 2829 csse
675 2772 794 2843 negotia
817 2772 917 2840 servir,

187 2864 268 2935 Quae
291 2883 375 2924 sacra
397 2883 456 2923 non
477 2865 586 2924 mundo
609 2871 787 2924 temerarent
809 2866 939 2924 membra
962 2866 1074 2926 labore.

128 2976 171 3019 105
186 2958 268 3029 Sunt,
293 2977 364 3033 quos
388 2965 470 3018 casta
493 2960 578 3018 decet
599 2978 673 3033 puro
697 2962 837 3032 mysteria
861 2961 939 3019 cultu

185 3055 355 3114 Attrcotarc
377 3073 431 3114 nec
454 3057 485 3112 in
506 3061 608 3114 nostra
631 3073 662 3114 se
684 3057 801 3114 volvere
825 3057 921 3127 sorde,

185 3149 323 3208 Pastores
347 3151 448 3221 nostri,
472 3150 574 3223 quibus
599 3168 698 3209 omnes
722 3151 874 3209 subdimur
896 3153 972 3225 agni.

188 3247 290 3318 Aequo
313 3245 410 3303 animo
434 3246 534 3303 sinos
558 3247 682 3304 tondent
705 3247 889 3321 mulgentque
912 3246 1056 3305 feramus:

185 3339 282 3412 Turpe
305 3357 358 3398 suo
382 3340 537 3399 adversum
558 3358 648 3413 pocus
672 3341 812 3400 insultare
834 3343 985 3415 magistro.
1026 3377 1028 3383 ·

514 3452 718 3525 Polyphemus

129 3563 172 3606 110
186 3545 254 3603 Non
277 3547 351 3605 adeo
376 3547 488 3620 patiens
513 3548 575 3604 ovis
599 3552 652 3615 est,
677 3547 876 3619 placidissima
899 3549 1038 3620 quamuis,

184 3639 238 3698 Cui
261 3659 314 3699 sua
337 3642 471 3700 tondenti
493 3659 552 3699 non
575 3641 700 3700 subdere
724 3659 809 3700 crura
831 3641 970 3714 ligentur„
