2476 4050
140 193 180 250 66
430 204 457 249 v.
479 202 616 248 menuae
638 202 820 251 uasuessivs

130 430 132 432 ψ
202 387 350 447 Sedales
374 387 419 446 ad
442 387 610 446 convivia
632 389 668 445 in
690 389 808 446 bortis
833 391 1068 454 suburbanis

431 499 651 557 celebranda
673 501 817 560 invitat.

397 652 506 710 Severa
529 670 599 710 eura
621 660 726 725 regnat

392 747 541 819 Dolorque
564 748 623 805 iam
643 749 754 806 resedit

394 841 453 899 Sub
476 842 586 898 intimis
610 843 752 900 medullis

394 936 478 1007 Quid,
504 954 520 993 0
543 938 600 1020 inei
624 938 748 1007 sodales

391 1031 557 1089 Levaminis
580 1030 733 1103 petemus?

392 1126 518 1183 Amiculi
540 1128 663 1195 venusti,

393 1220 503 1278 Graves
527 1226 557 1278 et
583 1220 690 1278 eruditi

393 1314 532 1387 Beuique,
561 1332 630 1372 rura
652 1317 748 1373 vernis

395 1408 528 1466 Coiemus
551 1411 581 1467 in
604 1411 720 1481 rosetis,

390 1503 446 1560 Vbi
470 1504 587 1562 Roseila
611 1505 695 1562 nobis

393 1599 485 1671 Leget
507 1616 590 1657 rosas
615 1605 645 1657 et
667 1600 773 1657 herbas

392 1694 433 1750 Et
456 1694 617 1766 implicabit
640 1695 702 1751 illas

394 1788 572 1845 Recentibus
597 1789 722 1846 corollis.

393 1883 625 1955 Amaraeumque
651 1885 752 1956 iunget

388 1976 536 2048 Marisque
560 1978 640 2050 virgo
664 1995 769 2048 rerem,

393 2070 539 2130 Odoribus
563 2072 679 2130 refertis

393 2166 547 2225 Sodalibus
571 2169 685 2239 quietis.

391 2261 448 2318 Vbi
471 2263 523 2320 sed
546 2263 606 2320 alta
628 2264 726 2320 laurus

391 2355 512 2414 Virente
535 2356 638 2415 froude
665 2375 761 2415 raram

392 2451 497 2508 Proeul
519 2453 665 2510 ministret
688 2453 818 2511 umbram

392 2545 433 2602 Et
456 2563 527 2604 aura
549 2548 643 2604 mellis
668 2548 737 2605 edat

393 2641 450 2697 Per
472 2642 607 2699 herbulas
632 2660 766 2700 susurros

392 2734 567 2808 strepat-que
590 2739 678 2807 rivus,
702 2738 778 2795 uude

393 2830 564 2889 Sedebimus
589 2849 719 2889 resarum

391 2925 544 2984 Celeribus
568 2927 691 2983 revincti

392 3019 497 3078 Comes
523 3026 664 3093 caputque
688 3026 790 3078 tetum.

391 3114 471 3172 Odor
493 3115 585 3172 bouus
609 3133 755 3173 rosarum:

390 3208 484 3266 Rusas
508 3214 611 3282 gerant
634 3217 774 3279 amantes,

390 3303 483 3361 Resas
508 3310 607 3362 amant
628 3312 734 3377 poetae

389 3398 483 3468 Iocus
510 3399 584 3456 sales
609 3402 753 3472 eoleutes3

389 3493 483 3551 Rosas
506 3500 611 3566 gerant
633 3496 757 3567 pueliae.

391 3588 537 3646 Odoribus
562 3591 667 3662 repleti
