<?xml version="1.0" encoding="UTF-8"?>
<!DOCTYPE html PUBLIC "-//W3C//DTD XHTML 1.0 Transitional//EN"
    "http://www.w3.org/TR/xhtml1/DTD/xhtml1-transitional.dtd">
<html xmlns="http://www.w3.org/1999/xhtml" xml:lang="en" lang="en">
 <head>
  <title>
</title>
<meta http-equiv="Content-Type" content="text/html;charset=utf-8" />
  <meta name='ocr-system' content='tesseract 3.04.00' />
  <meta name='ocr-capabilities' content='ocr_page ocr_carea ocr_par ocr_line ocrx_word'/>
</head>
<body>
  <div class='ocr_page' id='page_1' title='image "./deutschelyriker01elligoog_0154.png"; bbox 0 0 2476 4050; ppageno 0'>
   <div class='ocr_carea' id='block_1_1' title="bbox 146 192 982 266">
    <p class='ocr_par' dir='ltr' id='par_1_1' title="bbox 146 192 982 266">
     <span class='ocr_line' id='line_1_1' title="bbox 146 192 982 266; baseline 0.002 -10"><span class='ocrx_word' id='word_1_1' title='bbox 146 203 203 260; x_wconf 80' lang='lat'>106</span> <span class='ocrx_word' id='word_1_2' title='bbox 392 213 435 260; x_wconf 81' lang='lat' dir='ltr'>nr.</span> <span class='ocrx_word' id='word_1_3' title='bbox 465 212 626 258; x_wconf 73' lang='lat' dir='ltr'>ruiturus</span> <span class='ocrx_word' id='word_1_4' title='bbox 648 211 890 260; x_wconf 76' lang='lat' dir='ltr'>unuaucnraou.</span> <span class='ocrx_word' id='word_1_5' title='bbox 929 192 931 196; x_wconf 64' lang='lat'>&#39;</span> <span class='ocrx_word' id='word_1_6' title='bbox 979 263 982 266; x_wconf 58' lang='grc'>,</span> 
     </span>
    </p>
   </div>
   <div class='ocr_carea' id='block_1_2' title="bbox 130 389 1049 3688">
    <p class='ocr_par' dir='ltr' id='par_1_2' title="bbox 136 389 1049 2641">
     <span class='ocr_line' id='line_1_2' title="bbox 186 389 1026 462; baseline 0 -15"><span class='ocrx_word' id='word_1_7' title='bbox 186 391 417 462; x_wconf 84' lang='lat' dir='ltr'>Fraxineamque</span> <span class='ocrx_word' id='word_1_8' title='bbox 440 391 555 448; x_wconf 89' lang='lat' dir='ltr'>hastam</span> <span class='ocrx_word' id='word_1_9' title='bbox 578 407 642 447; x_wconf 90' lang='lat' dir='ltr'>cum</span> <span class='ocrx_word' id='word_1_10' title='bbox 664 389 750 448; x_wconf 89' lang='lat' dir='ltr'>fortis</span> <span class='ocrx_word' id='word_1_11' title='bbox 773 389 879 447; x_wconf 88' lang='lat' dir='ltr'>dextra</span> <span class='ocrx_word' id='word_1_12' title='bbox 900 394 1026 461; x_wconf 85' lang='lat' dir='ltr'>teneret,</span> 
     </span>
     <span class='ocr_line' id='line_1_3' title="bbox 226 484 899 556; baseline -0.001 -14"><span class='ocrx_word' id='word_1_13' title='bbox 226 484 355 542; x_wconf 82' lang='lat' dir='ltr'>Laevum</span> <span class='ocrx_word' id='word_1_14' title='bbox 378 485 434 556; x_wconf 91' lang='lat' dir='ltr'>ipsi</span> <span class='ocrx_word' id='word_1_15' title='bbox 458 485 544 556; x_wconf 80' lang='lat' dir='ltr'>clipei</span> <span class='ocrx_word' id='word_1_16' title='bbox 566 491 681 543; x_wconf 85' lang='lat' dir='ltr'>texerat</span> <span class='ocrx_word' id='word_1_17' title='bbox 703 484 789 541; x_wconf 92' lang='lat' dir='ltr'>umbo</span> <span class='ocrx_word' id='word_1_18' title='bbox 812 485 899 553; x_wconf 89' lang='lat' dir='ltr'>latus,</span> 
     </span>
     <span class='ocr_line' id='line_1_4' title="bbox 156 578 971 652; baseline -0.005 -12"><span class='ocrx_word' id='word_1_19' title='bbox 156 581 218 640; x_wconf 77' lang='lat' dir='ltr'>alu</span> <span class='ocrx_word' id='word_1_20' title='bbox 241 597 297 652; x_wconf 90' lang='lat' dir='ltr'>quo</span> <span class='ocrx_word' id='word_1_21' title='bbox 320 596 426 652; x_wconf 80' lang='lat' dir='ltr'>magna</span> <span class='ocrx_word' id='word_1_22' title='bbox 447 578 535 637; x_wconf 92' lang='lat' dir='ltr'>boum</span> <span class='ocrx_word' id='word_1_23' title='bbox 559 579 696 636; x_wconf 91' lang='lat' dir='ltr'>dicuntur</span> <span class='ocrx_word' id='word_1_24' title='bbox 717 584 836 652; x_wconf 81' lang='lat' dir='ltr'>tergora</span> <span class='ocrx_word' id='word_1_25' title='bbox 858 584 971 651; x_wconf 84' lang='lat' dir='ltr'><strong>septem</strong></span> 
     </span>
     <span class='ocr_line' id='line_1_5' title="bbox 228 673 820 732; baseline -0.003 -1"><span class='ocrx_word' id='word_1_26' title='bbox 228 673 359 731; x_wconf 79' lang='lat' dir='ltr'>Artificis</span> <span class='ocrx_word' id='word_1_27' title='bbox 382 675 471 731; x_wconf 88' lang='lat' dir='ltr'>docta</span> <span class='ocrx_word' id='word_1_28' title='bbox 492 676 591 732; x_wconf 91' lang='lat' dir='ltr'>iuncta</span> <span class='ocrx_word' id='word_1_29' title='bbox 613 673 703 732; x_wconf 84' lang='lat' dir='ltr'>fuisse</span> <span class='ocrx_word' id='word_1_30' title='bbox 726 692 820 732; x_wconf 90' lang='lat' dir='ltr'>manu.</span> 
     </span>
     <span class='ocr_line' id='line_1_6' title="bbox 184 769 931 841; baseline -0.003 -14"><span class='ocrx_word' id='word_1_31' title='bbox 184 770 243 827; x_wconf 86' lang='lat' dir='ltr'>Sed</span> <span class='ocrx_word' id='word_1_32' title='bbox 266 786 354 841; x_wconf 86' lang='lat' dir='ltr'>supra</span> <span class='ocrx_word' id='word_1_33' title='bbox 377 773 465 840; x_wconf 91' lang='lat' dir='ltr'>caput</span> <span class='ocrx_word' id='word_1_34' title='bbox 486 770 587 827; x_wconf 84' lang='lat' dir='ltr'>Aiacis</span> <span class='ocrx_word' id='word_1_35' title='bbox 609 786 691 828; x_wconf 89' lang='lat' dir='ltr'>mons</span> <span class='ocrx_word' id='word_1_36' title='bbox 715 770 823 826; x_wconf 89' lang='lat' dir='ltr'>eminet</span> <span class='ocrx_word' id='word_1_37' title='bbox 845 769 931 838; x_wconf 90' lang='lat' dir='ltr'>altus,</span> 
     </span>
     <span class='ocr_line' id='line_1_7' title="bbox 191 849 928 937; baseline 0.001 -17"><span class='ocrx_word' id='word_1_38' title='bbox 191 849 194 854; x_wconf 42' lang='lat'><strong>⁴</strong></span> <span class='ocrx_word' id='word_1_39' title='bbox 226 863 363 922; x_wconf 86' lang='lat' dir='ltr'>Floribus</span> <span class='ocrx_word' id='word_1_40' title='bbox 387 869 416 921; x_wconf 91' lang='lat' dir='ltr'>et</span> <span class='ocrx_word' id='word_1_41' title='bbox 438 864 516 922; x_wconf 90' lang='lat' dir='ltr'>laeto</span> <span class='ocrx_word' id='word_1_42' title='bbox 540 865 669 937; x_wconf 83' lang='lat' dir='ltr'>gramine</span> <span class='ocrx_word' id='word_1_43' title='bbox 692 864 798 937; x_wconf 88' lang='lat' dir='ltr'>ubique</span> <span class='ocrx_word' id='word_1_44' title='bbox 821 864 928 936; x_wconf 89' lang='lat' dir='ltr'>virens,</span> 
     </span>
     <span class='ocr_line' id='line_1_8' title="bbox 184 957 963 1027; baseline -0.003 -10"><span class='ocrx_word' id='word_1_45' title='bbox 184 958 272 1017; x_wconf 84' lang='lat' dir='ltr'>Cuius</span> <span class='ocrx_word' id='word_1_46' title='bbox 295 959 326 1015; x_wconf 92' lang='lat' dir='ltr'>in</span> <span class='ocrx_word' id='word_1_47' title='bbox 349 958 465 1016; x_wconf 85' lang='lat' dir='ltr'>excelso</span> <span class='ocrx_word' id='word_1_48' title='bbox 488 960 583 1017; x_wconf 84' lang='lat' dir='ltr'>victor</span> <span class='ocrx_word' id='word_1_49' title='bbox 605 965 665 1018; x_wconf 90' lang='lat' dir='ltr'>stat</span> <span class='ocrx_word' id='word_1_50' title='bbox 686 960 795 1017; x_wconf 89' lang='lat' dir='ltr'>vertice</span> <span class='ocrx_word' id='word_1_51' title='bbox 819 957 963 1027; x_wconf 80' lang='lat' dir='ltr'>Christus,</span> 
     </span>
     <span class='ocr_line' id='line_1_9' title="bbox 142 1041 807 1126; baseline -0.008 -12"><span class='ocrx_word' id='word_1_52' title='bbox 142 1074 168 1114; x_wconf 85' lang='lat' dir='ltr'>ro</span> <span class='ocrx_word' id='word_1_53' title='bbox 226 1054 334 1111; x_wconf 88' lang='lat' dir='ltr'>Vnicus</span> <span class='ocrx_word' id='word_1_54' title='bbox 358 1060 478 1112; x_wconf 86' lang='lat' dir='ltr'>aeterno</span> <span class='ocrx_word' id='word_1_55' title='bbox 502 1041 694 1126; x_wconf 56' lang='lat' dir='ltr'>de&#39;genitore</span> <span class='ocrx_word' id='word_1_56' title='bbox 716 1059 807 1124; x_wconf 89' lang='lat' dir='ltr'>satus,</span> 
     </span>
     <span class='ocr_line' id='line_1_10' title="bbox 184 1148 1032 1221; baseline -0.002 -15"><span class='ocrx_word' id='word_1_57' title='bbox 184 1149 273 1221; x_wconf 83' lang='lat' dir='ltr'>Signa</span> <span class='ocrx_word' id='word_1_58' title='bbox 296 1166 409 1221; x_wconf 80' lang='lat' dir='ltr'>gerens,</span> <span class='ocrx_word' id='word_1_59' title='bbox 433 1149 571 1207; x_wconf 82' lang='lat' dir='ltr'>reducem</span> <span class='ocrx_word' id='word_1_60' title='bbox 594 1160 733 1221; x_wconf 90' lang='lat' dir='ltr'>superata</span> <span class='ocrx_word' id='word_1_61' title='bbox 754 1153 858 1217; x_wconf 87' lang='lat' dir='ltr'>morte,</span> <span class='ocrx_word' id='word_1_62' title='bbox 882 1148 1032 1220; x_wconf 88' lang='lat' dir='ltr'>triumphi,</span> 
     </span>
     <span class='ocr_line' id='line_1_11' title="bbox 227 1243 935 1313; baseline -0.003 -13"><span class='ocrx_word' id='word_1_63' title='bbox 227 1243 331 1313; x_wconf 81' lang='lat' dir='ltr'>Qualia</span> <span class='ocrx_word' id='word_1_64' title='bbox 354 1249 423 1300; x_wconf 92' lang='lat' dir='ltr'>tunc</span> <span class='ocrx_word' id='word_1_65' title='bbox 446 1244 583 1300; x_wconf 86' lang='lat' dir='ltr'>comitum</span> <span class='ocrx_word' id='word_1_66' title='bbox 605 1243 682 1301; x_wconf 86' lang='lat' dir='ltr'>ferre</span> <span class='ocrx_word' id='word_1_67' title='bbox 706 1252 824 1301; x_wconf 85' lang='lat' dir='ltr'>caterva</span> <span class='ocrx_word' id='word_1_68' title='bbox 847 1243 935 1300; x_wconf 89' lang='lat' dir='ltr'>videt.</span> 
     </span>
     <span class='ocr_line' id='line_1_12' title="bbox 187 1337 1049 1411; baseline 0.001 -18"><span class='ocrx_word' id='word_1_69' title='bbox 187 1338 277 1394; x_wconf 90' lang='lat' dir='ltr'>Huius</span> <span class='ocrx_word' id='word_1_70' title='bbox 301 1337 354 1395; x_wconf 91' lang='lat' dir='ltr'>sub</span> <span class='ocrx_word' id='word_1_71' title='bbox 377 1337 501 1408; x_wconf 89' lang='lat' dir='ltr'>pedibus</span> <span class='ocrx_word' id='word_1_72' title='bbox 525 1338 679 1411; x_wconf 90' lang='lat' dir='ltr'>medioque</span> <span class='ocrx_word' id='word_1_73' title='bbox 702 1340 733 1395; x_wconf 93' lang='lat' dir='ltr'>in</span> <span class='ocrx_word' id='word_1_74' title='bbox 754 1343 853 1396; x_wconf 88' lang='lat' dir='ltr'>monte</span> <span class='ocrx_word' id='word_1_75' title='bbox 876 1337 1049 1409; x_wconf 85' lang='lat' dir='ltr'>trophaeum</span> 
     </span>
     <span class='ocr_line' id='line_1_13' title="bbox 227 1432 841 1503; baseline 0.002 -16"><span class='ocrx_word' id='word_1_76' title='bbox 227 1433 367 1503; x_wconf 75' lang='lat' dir='ltr'>Angelica</span> <span class='ocrx_word' id='word_1_77' title='bbox 391 1449 461 1488; x_wconf 86' lang='lat' dir='ltr'>crux</span> <span class='ocrx_word' id='word_1_78' title='bbox 485 1437 530 1488; x_wconf 90' lang='lat' dir='ltr'>est</span> <span class='ocrx_word' id='word_1_79' title='bbox 553 1450 643 1490; x_wconf 90' lang='lat' dir='ltr'>aurea</span> <span class='ocrx_word' id='word_1_80' title='bbox 665 1432 724 1490; x_wconf 87' lang='lat' dir='ltr'>lixa</span> <span class='ocrx_word' id='word_1_81' title='bbox 747 1450 841 1490; x_wconf 91' lang='lat' dir='ltr'>manu.</span> 
     </span>
     <span class='ocr_line' id='line_1_14' title="bbox 140 1527 1027 1600; baseline -0.001 -15"><span class='ocrx_word' id='word_1_82' title='bbox 140 1547 166 1586; x_wconf 76' lang='lat' dir='ltr'>ra</span> <span class='ocrx_word' id='word_1_83' title='bbox 182 1527 277 1583; x_wconf 81' lang='lat' dir='ltr'>Multa</span> <span class='ocrx_word' id='word_1_84' title='bbox 300 1527 417 1598; x_wconf 90' lang='lat' dir='ltr'>quidem</span> <span class='ocrx_word' id='word_1_85' title='bbox 438 1527 564 1598; x_wconf 82' lang='lat' dir='ltr'>pavidae</span> <span class='ocrx_word' id='word_1_86' title='bbox 587 1528 744 1590; x_wconf 90' lang='lat' dir='ltr'>simulacra</span> <span class='ocrx_word' id='word_1_87' title='bbox 766 1527 883 1599; x_wconf 84' lang='lat' dir='ltr'>fugacia</span> <span class='ocrx_word' id='word_1_88' title='bbox 905 1532 1027 1600; x_wconf 89' lang='lat' dir='ltr'>mentes,</span> 
     </span>
     <span class='ocr_line' id='line_1_15' title="bbox 225 1608 924 1692; baseline 0.001 -14"><span class='ocrx_word' id='word_1_89' title='bbox 225 1621 305 1691; x_wconf 84' lang='lat' dir='ltr'>Quae</span> <span class='ocrx_word' id='word_1_90' title='bbox 329 1638 418 1685; x_wconf 86' lang='lat' dir='ltr'>caeca</span> <span class='ocrx_word' id='word_1_91' title='bbox 440 1608 563 1680; x_wconf 84' lang='lat' dir='ltr'>volitant</span> <span class='ocrx_word' id='word_1_92' title='bbox 585 1623 674 1680; x_wconf 86' lang='lat' dir='ltr'>inrita</span> <span class='ocrx_word' id='word_1_93' title='bbox 696 1627 791 1691; x_wconf 90' lang='lat' dir='ltr'>nocte,</span> <span class='ocrx_word' id='word_1_94' title='bbox 814 1623 924 1692; x_wconf 87' lang='lat' dir='ltr'>vident,</span> 
     </span>
     <span class='ocr_line' id='line_1_16' title="bbox 181 1716 1012 1788; baseline 0.004 -15"><span class='ocrx_word' id='word_1_95' title='bbox 181 1717 240 1774; x_wconf 83' lang='lat' dir='ltr'>Scd</span> <span class='ocrx_word' id='word_1_96' title='bbox 264 1722 362 1775; x_wconf 88' lang='lat' dir='ltr'>tamen</span> <span class='ocrx_word' id='word_1_97' title='bbox 385 1716 466 1786; x_wconf 90' lang='lat' dir='ltr'>haec,</span> <span class='ocrx_word' id='word_1_98' title='bbox 493 1718 518 1774; x_wconf 92' lang='lat' dir='ltr'>si</span> <span class='ocrx_word' id='word_1_99' title='bbox 541 1735 599 1775; x_wconf 92' lang='lat' dir='ltr'>non</span> <span class='ocrx_word' id='word_1_100' title='bbox 621 1718 691 1775; x_wconf 93' lang='lat' dir='ltr'>lusit</span> <span class='ocrx_word' id='word_1_101' title='bbox 713 1716 866 1774; x_wconf 84' lang='lat' dir='ltr'>fallacibus</span> <span class='ocrx_word' id='word_1_102' title='bbox 889 1716 1012 1788; x_wconf 70' lang='lat' dir='ltr'>umbrie,</span> 
     </span>
     <span class='ocr_line' id='line_1_17' title="bbox 224 1811 854 1885; baseline -0.002 -17"><span class='ocrx_word' id='word_1_103' title='bbox 224 1812 307 1869; x_wconf 91' lang='lat' dir='ltr'>Talia</span> <span class='ocrx_word' id='word_1_104' title='bbox 331 1812 474 1868; x_wconf 87' lang='lat' dir='ltr'>sollicitos</span> <span class='ocrx_word' id='word_1_105' title='bbox 499 1811 600 1870; x_wconf 82' lang='lat' dir='ltr'>forsan</span> <span class='ocrx_word' id='word_1_106' title='bbox 623 1813 721 1885; x_wconf 87' lang='lat' dir='ltr'>imago</span> <span class='ocrx_word' id='word_1_107' title='bbox 741 1817 854 1876; x_wconf 88' lang='lat' dir='ltr'>monet:</span> 
     </span>
     <span class='ocr_line' id='line_1_18' title="bbox 181 1906 816 1977; baseline 0.003 -16"><span class='ocrx_word' id='word_1_108' title='bbox 181 1907 254 1963; x_wconf 89' lang='lat' dir='ltr'>Irati</span> <span class='ocrx_word' id='word_1_109' title='bbox 280 1906 409 1977; x_wconf 92' lang='lat' dir='ltr'>quamvis</span> <span class='ocrx_word' id='word_1_110' title='bbox 435 1910 588 1962; x_wconf 88' lang='lat' dir='ltr'>moverunt</span> <span class='ocrx_word' id='word_1_111' title='bbox 610 1907 711 1967; x_wconf 89' lang='lat' dir='ltr'>tristia</span> <span class='ocrx_word' id='word_1_112' title='bbox 730 1906 816 1976; x_wconf 86' lang='lat' dir='ltr'>bella,</span> 
     </span>
     <span class='ocr_line' id='line_1_19' title="bbox 136 2001 915 2074; baseline -0.003 -14"><span class='ocrx_word' id='word_1_113' title='bbox 136 2020 165 2060; x_wconf 66' lang='lat' dir='ltr'>eo</span> <span class='ocrx_word' id='word_1_114' title='bbox 223 2001 258 2056; x_wconf 92' lang='lat' dir='ltr'>ln</span> <span class='ocrx_word' id='word_1_115' title='bbox 280 2017 333 2057; x_wconf 91' lang='lat' dir='ltr'>sua</span> <span class='ocrx_word' id='word_1_116' title='bbox 356 2006 527 2072; x_wconf 85' lang='lat' dir='ltr'>grassantur</span> <span class='ocrx_word' id='word_1_117' title='bbox 549 2001 663 2058; x_wconf 86' lang='lat' dir='ltr'>viscera</span> <span class='ocrx_word' id='word_1_118' title='bbox 686 2001 801 2074; x_wconf 90' lang='lat' dir='ltr'>iamque</span> <span class='ocrx_word' id='word_1_119' title='bbox 826 2001 915 2058; x_wconf 89' lang='lat' dir='ltr'>duces</span> 
     </span>
     <span class='ocr_line' id='line_1_20' title="bbox 181 2096 850 2168; baseline 0.003 -17"><span class='ocrx_word' id='word_1_120' title='bbox 181 2096 298 2153; x_wconf 85' lang='lat' dir='ltr'>Etiam</span> <span class='ocrx_word' id='word_1_121' title='bbox 322 2096 398 2152; x_wconf 92' lang='lat' dir='ltr'>civili</span> <span class='ocrx_word' id='word_1_122' title='bbox 422 2097 519 2168; x_wconf 91' lang='lat' dir='ltr'>patria</span> <span class='ocrx_word' id='word_1_123' title='bbox 542 2101 587 2154; x_wconf 89' lang='lat' dir='ltr'>est</span> <span class='ocrx_word' id='word_1_124' title='bbox 608 2097 720 2168; x_wconf 90' lang='lat' dir='ltr'>polluta</span> <span class='ocrx_word' id='word_1_125' title='bbox 744 2113 850 2162; x_wconf 81' lang='lat' dir='ltr'>cruore</span> 
     </span>
     <span class='ocr_line' id='line_1_21' title="bbox 223 2190 923 2267; baseline 0.003 -22"><span class='ocrx_word' id='word_1_126' title='bbox 223 2191 360 2262; x_wconf 85' lang='lat' dir='ltr'>iustaque</span> <span class='ocrx_word' id='word_1_127' title='bbox 384 2208 441 2247; x_wconf 92' lang='lat' dir='ltr'>non</span> <span class='ocrx_word' id='word_1_128' title='bbox 465 2197 563 2249; x_wconf 90' lang='lat' dir='ltr'>sontes</span> <span class='ocrx_word' id='word_1_129' title='bbox 588 2192 727 2263; x_wconf 88' lang='lat' dir='ltr'>opprimit</span> <span class='ocrx_word' id='word_1_130' title='bbox 748 2192 793 2248; x_wconf 89' lang='lat' dir='ltr'>ira</span> <span class='ocrx_word' id='word_1_131' title='bbox 815 2190 881 2260; x_wconf 87' lang='lat' dir='ltr'>Dei,</span> <span class='ocrx_word' id='word_1_132' title='bbox 921 2262 923 2267; x_wconf 28' lang='grc' dir='ltr'>Ι</span> 
     </span>
     <span class='ocr_line' id='line_1_22' title="bbox 180 2285 978 2367; baseline 0.006 -28"><span class='ocrx_word' id='word_1_133' title='bbox 180 2285 217 2339; x_wconf 89' lang='lat' dir='ltr'>Vt</span> <span class='ocrx_word' id='word_1_134' title='bbox 241 2286 391 2341; x_wconf 86' lang='lat' dir='ltr'>tamenin</span> <span class='ocrx_word' id='word_1_135' title='bbox 414 2285 518 2342; x_wconf 91' lang='lat' dir='ltr'>mediis</span> <span class='ocrx_word' id='word_1_136' title='bbox 541 2287 687 2354; x_wconf 80' lang='lat' dir='ltr'>laceratus</span> <span class='ocrx_word' id='word_1_137' title='bbox 710 2285 868 2367; x_wconf 85' lang='lat' dir='ltr'>naufragus</span> <span class='ocrx_word' id='word_1_138' title='bbox 891 2286 978 2344; x_wconf 92' lang='lat' dir='ltr'>undis</span> 
     </span>
     <span class='ocr_line' id='line_1_23' title="bbox 222 2378 987 2453; baseline 0.01 -20"><span class='ocrx_word' id='word_1_139' title='bbox 222 2378 277 2447; x_wconf 75' lang='lat' dir='ltr'>Qui</span> <span class='ocrx_word' id='word_1_140' title='bbox 301 2384 443 2449; x_wconf 82' lang='lat' dir='ltr'>superest,</span> <span class='ocrx_word' id='word_1_141' title='bbox 470 2379 584 2437; x_wconf 87' lang='lat' dir='ltr'>tabulas</span> <span class='ocrx_word' id='word_1_142' title='bbox 609 2381 729 2453; x_wconf 87' lang='lat' dir='ltr'>conligit</span> <span class='ocrx_word' id='word_1_143' title='bbox 752 2382 815 2452; x_wconf 89' lang='lat' dir='ltr'>ipse</span> <span class='ocrx_word' id='word_1_144' title='bbox 840 2380 905 2450; x_wconf 80' lang='lat' dir='ltr'>sibi,</span> <span class='ocrx_word' id='word_1_145' title='bbox 985 2437 987 2441; x_wconf 89' lang='lat'><em>.</em></span> 
     </span>
     <span class='ocr_line' id='line_1_24' title="bbox 140 2472 986 2553; baseline -0.002 -19"><span class='ocrx_word' id='word_1_146' title='bbox 140 2492 168 2534; x_wconf 74' lang='lat' dir='ltr'>aa</span> <span class='ocrx_word' id='word_1_147' title='bbox 185 2473 233 2530; x_wconf 86' lang='lat' dir='ltr'>Sic</span> <span class='ocrx_word' id='word_1_148' title='bbox 256 2472 381 2544; x_wconf 85' lang='lat' dir='ltr'>aliquem</span> <span class='ocrx_word' id='word_1_149' title='bbox 405 2473 510 2544; x_wconf 86' lang='lat' dir='ltr'>eripiet</span> <span class='ocrx_word' id='word_1_150' title='bbox 533 2479 647 2532; x_wconf 90' lang='lat' dir='ltr'>coetum</span> <span class='ocrx_word' id='word_1_151' title='bbox 671 2476 706 2532; x_wconf 91' lang='lat' dir='ltr'>dc</span> <span class='ocrx_word' id='word_1_152' title='bbox 730 2474 868 2533; x_wconf 82' lang='lat' dir='ltr'>fluct-ibus</span> <span class='ocrx_word' id='word_1_153' title='bbox 889 2476 958 2535; x_wconf 70' lang='lat' dir='ltr'>istis,</span> <span class='ocrx_word' id='word_1_154' title='bbox 984 2546 986 2553; x_wconf 28' lang='grc' dir='ltr'>Ι</span> 
     </span>
     <span class='ocr_line' id='line_1_25' title="bbox 220 2566 838 2641; baseline 0.003 -17"><span class='ocrx_word' id='word_1_155' title='bbox 220 2570 351 2626; x_wconf 79' lang='lat' dir='ltr'>Aeterno</span> <span class='ocrx_word' id='word_1_156' title='bbox 376 2566 509 2625; x_wconf 85' lang='lat' dir='ltr'>Christus</span> <span class='ocrx_word' id='word_1_157' title='bbox 533 2569 569 2626; x_wconf 93' lang='lat' dir='ltr'>de</span> <span class='ocrx_word' id='word_1_158' title='bbox 593 2570 725 2641; x_wconf 83' lang='lat' dir='ltr'>genitore</span> <span class='ocrx_word' id='word_1_159' title='bbox 749 2576 838 2628; x_wconf 91' lang='lat' dir='ltr'>satus.</span> 
     </span>
    </p>

    <p class='ocr_par' dir='ltr' id='par_1_3' title="bbox 179 2663 1018 2928">
     <span class='ocr_line' id='line_1_26' title="bbox 179 2663 1018 2744; baseline 0.004 -24"><span class='ocrx_word' id='word_1_160' title='bbox 179 2663 290 2736; x_wconf 85' lang='lat' dir='ltr'>Estque</span> <span class='ocrx_word' id='word_1_161' title='bbox 313 2664 391 2721; x_wconf 86' lang='lat' dir='ltr'>inter·</span> <span class='ocrx_word' id='word_1_162' title='bbox 414 2663 518 2721; x_wconf 91' lang='lat' dir='ltr'>dubios</span> <span class='ocrx_word' id='word_1_163' title='bbox 541 2681 679 2723; x_wconf 88' lang='lat' dir='ltr'>mansura</span> <span class='ocrx_word' id='word_1_164' title='bbox 703 2666 827 2729; x_wconf 88' lang='lat' dir='ltr'>ecclesia</span> <span class='ocrx_word' id='word_1_165' title='bbox 850 2671 955 2737; x_wconf 88' lang='lat' dir='ltr'>motus,</span> <span class='ocrx_word' id='word_1_166' title='bbox 1016 2738 1018 2744; x_wconf 26' lang='grc' dir='ltr'>Ι</span> 
     </span>
     <span class='ocr_line' id='line_1_27' title="bbox 221 2759 922 2819; baseline 0.003 -4"><span class='ocrx_word' id='word_1_167' title='bbox 221 2759 260 2815; x_wconf 92' lang='lat' dir='ltr'>Vt</span> <span class='ocrx_word' id='word_1_168' title='bbox 283 2759 378 2816; x_wconf 85' lang='lat' dir='ltr'>victor</span> <span class='ocrx_word' id='word_1_169' title='bbox 401 2759 534 2818; x_wconf 82' lang='lat' dir='ltr'>Christus</span> <span class='ocrx_word' id='word_1_170' title='bbox 557 2761 664 2819; x_wconf 90' lang='lat' dir='ltr'>montis</span> <span class='ocrx_word' id='word_1_171' title='bbox 688 2761 718 2817; x_wconf 93' lang='lat' dir='ltr'>in</span> <span class='ocrx_word' id='word_1_172' title='bbox 741 2778 808 2819; x_wconf 88' lang='lat' dir='ltr'>arce</span> <span class='ocrx_word' id='word_1_173' title='bbox 833 2761 922 2818; x_wconf 89' lang='lat' dir='ltr'>stetit.</span> 
     </span>
     <span class='ocr_line' id='line_1_28' title="bbox 179 2854 992 2928; baseline 0.006 -19"><span class='ocrx_word' id='word_1_174' title='bbox 179 2854 280 2911; x_wconf 86' lang='lat' dir='ltr'>Flecte</span> <span class='ocrx_word' id='word_1_175' title='bbox 303 2870 409 2925; x_wconf 88' lang='lat' dir='ltr'>precor</span> <span class='ocrx_word' id='word_1_176' title='bbox 431 2855 517 2913; x_wconf 90' lang='lat' dir='ltr'>nobis</span> <span class='ocrx_word' id='word_1_177' title='bbox 540 2856 655 2924; x_wconf 88' lang='lat' dir='ltr'>iratum,</span> <span class='ocrx_word' id='word_1_178' title='bbox 682 2856 806 2926; x_wconf 85' lang='lat' dir='ltr'>Christe,</span> <span class='ocrx_word' id='word_1_179' title='bbox 830 2861 992 2928; x_wconf 89' lang='lat' dir='ltr'>parentem,</span> 
     </span>
    </p>

    <p class='ocr_par' dir='ltr' id='par_1_4' title="bbox 130 2948 1049 3688">
     <span class='ocr_line' id='line_1_29' title="bbox 137 2948 943 3022; baseline 0.005 -17"><span class='ocrx_word' id='word_1_180' title='bbox 137 2967 166 3006; x_wconf 78' lang='lat' dir='ltr'>ao</span> <span class='ocrx_word' id='word_1_181' title='bbox 226 2948 280 3017; x_wconf 80' lang='lat' dir='ltr'>Qui</span> <span class='ocrx_word' id='word_1_182' title='bbox 304 2949 346 3006; x_wconf 85' lang='lat' dir='ltr'>vis</span> <span class='ocrx_word' id='word_1_183' title='bbox 368 2966 422 3021; x_wconf 91' lang='lat' dir='ltr'>pro</span> <span class='ocrx_word' id='word_1_184' title='bbox 445 2949 529 3007; x_wconf 90' lang='lat' dir='ltr'>nobis</span> <span class='ocrx_word' id='word_1_185' title='bbox 554 2951 691 3022; x_wconf 90' lang='lat' dir='ltr'>supplicis</span> <span class='ocrx_word' id='word_1_186' title='bbox 715 2968 780 3009; x_wconf 93' lang='lat' dir='ltr'>esse</span> <span class='ocrx_word' id='word_1_187' title='bbox 802 2952 877 3018; x_wconf 82' lang='lat' dir='ltr'>loca,</span> <span class='ocrx_word' id='word_1_188' title='bbox 941 3016 943 3021; x_wconf 41' lang='lat'><em>,</em></span> 
     </span>
     <span class='ocr_line' id='line_1_30' title="bbox 175 3042 967 3117; baseline 0.008 -20"><span class='ocrx_word' id='word_1_189' title='bbox 175 3042 215 3097; x_wconf 87' lang='lat' dir='ltr'>Et</span> <span class='ocrx_word' id='word_1_190' title='bbox 239 3059 324 3114; x_wconf 90' lang='lat' dir='ltr'>quam</span> <span class='ocrx_word' id='word_1_191' title='bbox 348 3044 482 3114; x_wconf 87' lang='lat' dir='ltr'>sparsisti</span> <span class='ocrx_word' id='word_1_192' title='bbox 506 3044 651 3115; x_wconf 78' lang='lat' dir='ltr'>prolatam</span> <span class='ocrx_word' id='word_1_193' title='bbox 676 3050 811 3102; x_wconf 89' lang='lat' dir='ltr'>emente</span> <span class='ocrx_word' id='word_1_194' title='bbox 835 3047 967 3117; x_wconf 89' lang='lat' dir='ltr'>parentis</span> 
     </span>
     <span class='ocr_line' id='line_1_31' title="bbox 218 3136 756 3210; baseline 0.004 -18"><span class='ocrx_word' id='word_1_195' title='bbox 218 3136 318 3193; x_wconf 88' lang='lat' dir='ltr'>Deleri</span> <span class='ocrx_word' id='word_1_196' title='bbox 341 3154 442 3195; x_wconf 91' lang='lat' dir='ltr'>vocem</span> <span class='ocrx_word' id='word_1_197' title='bbox 465 3154 501 3195; x_wconf 92' lang='lat' dir='ltr'>ne</span> <span class='ocrx_word' id='word_1_198' title='bbox 524 3140 639 3210; x_wconf 90' lang='lat' dir='ltr'>patiare</span> <span class='ocrx_word' id='word_1_199' title='bbox 663 3139 756 3197; x_wconf 90' lang='lat' dir='ltr'>tuam!</span> 
     </span>
     <span class='ocr_line' id='line_1_32' title="bbox 175 3231 1026 3307; baseline 0.005 -19"><span class='ocrx_word' id='word_1_200' title='bbox 175 3231 393 3303; x_wconf 88' lang='lat' dir='ltr'>Doctrinaeque</span> <span class='ocrx_word' id='word_1_201' title='bbox 417 3237 484 3289; x_wconf 89' lang='lat' dir='ltr'>tuae</span> <span class='ocrx_word' id='word_1_202' title='bbox 509 3233 637 3306; x_wconf 83' lang='lat' dir='ltr'>studium</span> <span class='ocrx_word' id='word_1_203' title='bbox 659 3250 837 3307; x_wconf 83' lang='lat' dir='ltr'>parvamque</span> <span class='ocrx_word' id='word_1_204' title='bbox 862 3235 1026 3307; x_wconf 86' lang='lat' dir='ltr'>Sareptam,</span> 
     </span>
     <span class='ocr_line' id='line_1_33' title="bbox 218 3325 933 3400; baseline 0.008 -19"><span class='ocrx_word' id='word_1_205' title='bbox 218 3325 379 3383; x_wconf 85' lang='lat' dir='ltr'>Doctrinae</span> <span class='ocrx_word' id='word_1_206' title='bbox 402 3326 563 3398; x_wconf 89' lang='lat' dir='ltr'>hospitium</span> <span class='ocrx_word' id='word_1_207' title='bbox 585 3332 708 3400; x_wconf 84' lang='lat' dir='ltr'>protege</span> <span class='ocrx_word' id='word_1_208' title='bbox 733 3346 842 3400; x_wconf 88' lang='lat' dir='ltr'>quaeso</span> <span class='ocrx_word' id='word_1_209' title='bbox 866 3335 933 3387; x_wconf 88' lang='lat' dir='ltr'>tuac</span> 
     </span>
     <span class='ocr_line' id='line_1_34' title="bbox 130 3419 945 3497; baseline 0.005 -19"><span class='ocrx_word' id='word_1_210' title='bbox 130 3440 159 3480; x_wconf 77' lang='lat' dir='ltr'>aa</span> <span class='ocrx_word' id='word_1_211' title='bbox 174 3421 213 3477; x_wconf 86' lang='lat' dir='ltr'>Et</span> <span class='ocrx_word' id='word_1_212' title='bbox 235 3419 381 3492; x_wconf 88' lang='lat' dir='ltr'>placidam</span> <span class='ocrx_word' id='word_1_213' title='bbox 405 3421 531 3478; x_wconf 86' lang='lat' dir='ltr'>clemens</span> <span class='ocrx_word' id='word_1_214' title='bbox 554 3422 639 3479; x_wconf 92' lang='lat' dir='ltr'>nobis</span> <span class='ocrx_word' id='word_1_215' title='bbox 663 3423 818 3481; x_wconf 87' lang='lat' dir='ltr'>concedito</span> <span class='ocrx_word' id='word_1_216' title='bbox 842 3442 945 3497; x_wconf 84' lang='lat' dir='ltr'>pacem</span> 
     </span>
     <span class='ocr_line' id='line_1_35' title="bbox 217 3515 933 3592; baseline 0 -18"><span class='ocrx_word' id='word_1_217' title='bbox 217 3515 316 3589; x_wconf 87' lang='lat' dir='ltr'>Tuque</span> <span class='ocrx_word' id='word_1_218' title='bbox 342 3516 447 3573; x_wconf 91' lang='lat' dir='ltr'>ducum</span> <span class='ocrx_word' id='word_1_219' title='bbox 468 3522 581 3575; x_wconf 88' lang='lat' dir='ltr'>mentes</span> <span class='ocrx_word' id='word_1_220' title='bbox 605 3522 636 3574; x_wconf 93' lang='lat' dir='ltr'>tu</span> <span class='ocrx_word' id='word_1_221' title='bbox 659 3517 816 3590; x_wconf 88' lang='lat' dir='ltr'>populique</span> <span class='ocrx_word' id='word_1_222' title='bbox 840 3536 933 3592; x_wconf 79' lang='lat' dir='ltr'>regas,</span> 
     </span>
     <span class='ocr_line' id='line_1_36' title="bbox 177 3610 1049 3688; baseline 0.008 -21"><span class='ocrx_word' id='word_1_223' title='bbox 177 3611 279 3669; x_wconf 74' lang='lat' dir='ltr'>‘Nemo</span> <span class='ocrx_word' id='word_1_224' title='bbox 302 3612 375 3669; x_wconf 81' lang='lat' dir='ltr'>nreis</span> <span class='ocrx_word' id='word_1_225' title='bbox 398 3610 531 3669; x_wconf 88' lang='lat' dir='ltr'>manibus</span> <span class='ocrx_word' id='word_1_226' title='bbox 555 3617 670 3670; x_wconf 82' lang='lat' dir='ltr'>coctum</span> <span class='ocrx_word' id='word_1_227' title='bbox 693 3629 758 3671; x_wconf 88' lang='lat' dir='ltr'>mea</span> <span class='ocrx_word' id='word_1_228' title='bbox 783 3614 863 3673; x_wconf 87' lang='lat' dir='ltr'>dicta</span> <span class='ocrx_word' id='word_1_229' title='bbox 884 3614 1049 3688; x_wconf 84' lang='lat' dir='ltr'>colentem&#39;,</span> 
     </span>
    </p>
   </div>
   <div class='ocr_carea' id='block_1_3' title="bbox 0 0 1242 4050">
    <p class='ocr_par' dir='ltr' id='par_1_5' title="bbox 0 0 1242 4050">
     <span class='ocr_line' id='line_1_37' title="bbox 0 0 1242 4050; baseline 0 1"><span class='ocrx_word' id='word_1_230' title='bbox 0 0 1242 4050; x_wconf 95' lang='lat' dir='ltr'> </span> 
     </span>
    </p>
   </div>
  </div>
 </body>
</html>
