2476 4050
177 188 217 247 88
259 201 321 246 vin.
344 200 480 246 6666666
495 200 760 250 666666666666.
795 204 952 251 66666666
967 205 1131 254 sturmus.

216 386 319 443 Omnia
343 392 512 458 compenset
533 387 621 460 lorge,
647 406 843 461 quaecumque
866 390 1001 447 voluntas

260 481 350 552 Optat
371 486 474 538 nostra
496 482 550 539 tibi
572 499 626 540 666
649 482 787 541 tribuisse
811 484 896 553 66161,

216 574 272 644 Qui
294 575 348 632 tibi
372 577 503 633 devinxit
525 594 570 634 me
594 579 804 635 consuetudine
827 577 920 647 firma,

173 689 202 730 so
260 670 390 727 Luminis
412 688 531 728 usuram
554 673 601 743 qui
627 672 708 729 dedit
731 678 817 744 atque
842 673 967 743 domum,

217 764 398 836 Coniugium,
424 765 562 833 sobolem,
588 767 717 835 tuteloni,
742 768 878 838 tegmina,
904 768 1013 824 vietum

259 859 298 916 st
322 877 377 931 quo
401 865 556 932 praetereo
579 878 683 932 eorpus
708 878 794 933 egere
818 862 901 919 solet.

199 953 371 1011 ⁴Limitibns
395 955 433 1011 sit
456 955 536 1012 66166
559 956 616 1012 1616
641 960 670 1012 61
691 954 797 1013 floreat
820 956 871 1012 6111

259 1049 393 1106 Numinis
417 1050 536 1122 agnitio,
562 1050 601 1106 sit
624 1051 685 1107 sine
708 1050 775 1107 lube
798 1049 886 1107 fides!

172 1161 201 1202 35
216 1143 348 1215 Tutaque
370 1144 518 1215 praesidio
544 1145 661 1202 66616611
685 1150 781 1202 temne
804 1145 924 1215 pericla,

261 1238 374 1296 Cedere
398 1256 470 1311 quae
494 1243 589 1295 tentet
611 1257 681 1311 gens
704 1239 822 1296 inimica
845 1238 913 1310 tibi;

218 1333 360 1405 Principis
385 1333 503 1390 ensiferi
525 1338 597 1389 nutu
621 1351 724 1391 666666
746 1334 866 1405 regaris,

260 1427 348 1484 Cuius
373 1444 403 1484 es
427 1427 585 1484 observans
610 1429 713 1499 cuique
736 1428 831 1485 fidelis
855 1428 922 1485 6616.

216 1521 249 1577 In
273 1527 302 1579 16
325 1523 472 1580 1111666166
495 1523 622 1597 vigeant,
647 1540 694 1579 ars
718 1523 796 1579 mitis
820 1528 850 1579 et
872 1523 966 1594 aequi,

173 1635 202 1675 40
261 1616 372 1688 Copula
395 1615 533 1674 virtutum
555 1618 733 1689 militiaeque
758 1617 860 1675 denus!

218 1710 377 1771 Commoda
399 1730 452 1769 nee
476 1713 573 1769 desint
594 1713 758 1783 praesentis
782 1718 881 1769 661666
903 1712 990 1779 61166,

258 1807 357 1864 Divite
380 1808 416 1864 de
439 1825 513 1865 6666
535 1807 617 1878 larga
640 1807 757 1864 metello
779 1805 880 1864 fluunt.

216 1901 316 1958 Aureo
340 1919 402 1958 eum
426 1902 526 1972 primis
549 1902 653 1958 volitet·
674 1918 732 1972 pen
756 1901 864 1972 oppidu
888 1901 1004 1968 6166666,

259 1996 331 2052 Tum
355 1996 431 2052 61666
455 2001 572 2053 maneat
594 1996 655 2052 vita
677 1995 765 2052 beato
788 1996 869 2052 tuos!

174 2108 202 2149 45
218 2090 328 2147 Audiat
351 2091 424 2148 huee
447 2096 531 2161 grato
556 2091 591 2148 de
615 2095 734 2162 pectore
758 2095 825 2147 vote
847 2088 990 2160 profectu,

260 2185 386 2256 Expieut.
409 2191 438 2242 et
461 2186 548 2242 modo
572 2202 645 2257 quoe
670 2185 817 2256 supprimo
840 2201 912 2241 6666
935 2183 1026 2240 Deus.

217 2277 290 2347 8616,
315 2280 392 2350 quod
414 2279 602 2350 praetulerim
627 2285 655 2336 te
680 2278 896 2336 conditionibus
920 2277 1032 2348 6666116,

259 2373 382 2429 11616661
406 2375 539 2445 quotiens
562 2391 608 2430 mo
630 2375 748 2430 voluere
773 2374 870 2431 duces.

217 2469 296 2538 Apta
319 2468 357 2523 sit
380 2473 409 2524 et
433 2469 562 2539 66666616
586 2469 672 2525 161166
696 2484 892 2540 quoecumque
916 2466 1060 2537 sepulcre,

176 2579 205 2621 so
264 2561 340 2633 Opto
363 2563 434 2618 mihi
458 2563 597 2619 tumulum
621 2563 681 2631 des,
706 2564 833 2635 genitale
857 2563 958 2619 solum.

220 2657 419 2726 Patriacum,
445 2658 517 2727 6616,
543 2658 611 2715 dum
635 2658 743 2715 6661166
768 2659 862 2715 616666
886 2656 1007 2713 habebit

258 2753 340 2809 Albis
364 2770 462 2824 66666,
488 2754 629 2822 hominos,
655 2771 733 2821 6666,
758 2753 852 2809 661616
877 2751 940 2808 din!

215 2846 372 2904 Tendimus
395 2847 433 2904 ed
456 2853 554 2919 patres
579 2849 708 2905 66661616
733 2863 865 2918 corpore,
891 2845 1001 2901 Christi

259 2941 384 3012 Spiritus
408 2949 441 2999 ut
464 2944 560 3015 vigeat
585 2959 700 3013 sempor
723 2947 846 3013 agetque
871 2941 944 2996 sinu.

450 3257 654 3314 MARTINVS
677 3254 877 3313 BALTICVS.

214 3385 267 3444 Ad
291 3387 420 3443 6661666
444 3385 694 3453 111666666666,
719 3390 756 3440 61
779 3384 955 3452 scribunt,
981 3383 1109 3456 elegia.

214 3498 303 3571 Signo
326 3498 448 3555 66161611
471 3498 520 3569 qui
543 3497 649 3554 transit
673 3497 814 3567 Cynthius
839 3497 906 3553 6661

257 3592 395 3666 Signiferi
419 3598 515 3650 totum
541 3608 633 3662 paene
658 3592 772 3663 peregit
795 3592 860 3649 iter.
