2476 4050
130 192 167 251 12
201 204 220 249 1.
243 203 376 250 rennues
393 204 560 250 serenares.
593 204 711 249 eureus
726 204 889 250 norronrrs
905 203 1074 250 suovrovs

140 379 300 453 eDumque
323 381 365 437 ita
389 382 522 438 certatim
545 385 674 438 tractant
696 380 858 451 blandeque
882 380 1018 449 salutant,

212 473 379 531 Suaviolum
402 480 521 533 tenerae
544 474 609 547 figit
630 476 724 531 amiea
747 475 853 531 Venus,

171 568 242 626 Inde
266 570 356 626 trabit
379 587 495 628 roseum
517 569 608 627 facies
631 569 801 642 pudibunda
824 569 968 638 decorem,

212 663 254 720 Et
275 664 360 722 rubet
382 665 525 735 impressa
547 681 622 720 nune
639 681 751 735 quoque
772 664 848 720 mala
867 667 946 720 nota.

482 852 534 908 Ad
561 852 744 908 Philetam.

327 964 449 1032 Plrileta,
475 965 524 1035 qui
540 970 569 1020 te
585 963 692 1020 viderit

325 1059 394 1114 Tria
416 1058 506 1115 rerba
528 1063 624 1115 tecum
648 1056 799 1114 conferens

325 1152 365 1209 Et
387 1169 445 1209 non
468 1153 510 1208 tui
533 1170 600 1208 mox
623 1153 729 1208 arserit

326 1248 435 1304 Amore
458 1246 665 1317 perditissimo,

327 1341 411 1397 Hunc
436 1346 501 1397 oote
524 1346 624 1397 natum
648 1340 778 1410 suspicer

325 1434 418 1491 Nullis
441 1435 552 1492 moveri
575 1435 707 1491 sensibus

326 1529 367 1585 Et
389 1529 536 1586 duriorem
560 1528 702 1586 cautibus,
805 1542 807 1545 ·

326 1623 402 1692 Quin
425 1623 528 1695 Cypris
552 1624 627 1679 huno
650 1623 797 1679 hostiliter

327 1717 404 1788 Odit,
434 1718 546 1790 Cupido
571 1717 693 1774 devovet

327 1813 368 1869 Et
391 1817 581 1870 exsecrantur
604 1812 733 1869 Gratiae.

515 2058 720 2066 -..-..---

306 2273 455 2331 PETRVS
481 2273 689 2332 LOTICHIVS
716 2271 927 2330 SECVNDVS.

222 2429 274 2486 Ad
297 2429 484 2485 Matthiam
507 2427 642 2485 Stoiurn
665 2427 857 2486 Berussurn
886 2425 1012 2498 elegia,

175 2549 253 2606 Eece
276 2566 382 2606 novum
405 2553 509 2617 vatem,
534 2549 656 2620 pulchra
679 2566 742 2605 curn
765 2553 858 2605 matre
883 2545 1009 2618 Cupido!

218 2643 295 2701 Vror
318 2650 347 2701 et
370 2661 406 2701 en
428 2660 545 2716 gressus
561 2644 591 2699 iu
614 2648 664 2700 tua
688 2648 785 2700 eastra
807 2642 879 2700 fero.

173 2741 264 2797 Arma
286 2739 366 2810 prius
390 2738 487 2811 gelida
509 2736 557 2813 (ne
580 2755 626 2795 me
650 2738 813 2811 contemne)
837 2736 889 2793 sub
914 2737 1005 2792 Arcto

215 2833 342 2891 Turbine
366 2833 408 2890 sio
431 2833 457 2889 ri
477 2833 518 2890 idi
541 2833 646 2890 Martis
670 2837 774 2904 agente
798 2832 859 2888 tuli.

144 2929 257 2989 aNune
280 2929 347 3000 quia
369 2945 427 2999 pax
446 2850 528 2985 {eta
552 2932 604 2996 est,
629 2927 683 2984 tibi
706 2924 813 2983 florida
836 2926 944 2983 serviat
966 2928 1063 2980 aetas:

217 3022 293 3080 Pace
316 3021 413 3078 Venus
436 3022 515 3079 laeta
539 3026 592 3091 est,
616 3022 698 3092 paois
722 3021 852 3077 alumnus
875 3018 975 3076 Amorss

174 3116 223 3173 Sic
246 3133 309 3188 ego,
335 3133 398 3173 cum
422 3121 523 3173 tenero
548 3117 589 3172 sio
612 3117 688 3172 alma
712 3114 854 3187 Cupidine
877 3120 983 3171 mater:

218 3210 352 3268 ‘Militiae
374 3211 509 3282 princeps
533 3215 564 3267 tu
586 3209 666 3267 mibi’
691 3209 766 3266 dixit
790 3210 866 3266 ‘eris

173 3304 240 3362 Non
263 3302 360 3362 tamen
383 3306 440 3362 hoo
462 3304 576 3377 galeam
597 3305 718 3374 bellum,
746 3321 804 3361 non
830 3303 960 3375 postulat
982 3299 1110 3372 hastam,

131 3417 159 3461 10
219 3398 342 3471 Cingere
366 3400 524 3471 sanguineo
548 3400 587 3456 nil
612 3416 683 3470 opus
708 3415 777 3455 ense
800 3398 885 3454 latus

174 3494 237 3552 Pax
260 3493 324 3562 erit,
350 3498 379 3550 et
401 3494 494 3550 roseis
519 3493 627 3564 degens
651 3493 681 3548 in
704 3491 843 3549 odoribus
867 3507 969 3549 aevum

218 3587 350 3646 Candida
374 3588 507 3659 perpetui
531 3592 664 3659 tempora
687 3587 763 3644 veris
787 3584 876 3659 ages'
