<?xml version="1.0" encoding="UTF-8"?>
<!DOCTYPE html PUBLIC "-//W3C//DTD XHTML 1.0 Transitional//EN"
    "http://www.w3.org/TR/xhtml1/DTD/xhtml1-transitional.dtd">
<html xmlns="http://www.w3.org/1999/xhtml" xml:lang="en" lang="en">
 <head>
  <title>
</title>
<meta http-equiv="Content-Type" content="text/html;charset=utf-8" />
  <meta name='ocr-system' content='tesseract 3.04.00' />
  <meta name='ocr-capabilities' content='ocr_page ocr_carea ocr_par ocr_line ocrx_word'/>
</head>
<body>
  <div class='ocr_page' id='page_1' title='image "./deutschelyriker01elligoog_0168.png"; bbox 0 0 2476 4050; ppageno 0'>
   <div class='ocr_carea' id='block_1_1' title="bbox 193 207 998 269">
    <p class='ocr_par' dir='ltr' id='par_1_1' title="bbox 193 207 998 269">
     <span class='ocr_line' id='line_1_1' title="bbox 193 207 998 269; baseline 0.009 -7"><span class='ocrx_word' id='word_1_1' title='bbox 193 207 250 262; x_wconf 72' lang='lat'>120</span> <span class='ocrx_word' id='word_1_2' title='bbox 358 220 397 264; x_wconf 86' lang='lat' dir='ltr'>rx.</span> <span class='ocrx_word' id='word_1_3' title='bbox 429 220 550 265; x_wconf 72' lang='lat' dir='ltr'>secono</span> <span class='ocrx_word' id='word_1_4' title='bbox 572 223 777 268; x_wconf 80' lang='lat' dir='ltr'>rnanznnrvs</span> <span class='ocrx_word' id='word_1_5' title='bbox 824 223 998 269; x_wconf 79' lang='lat' dir='ltr'>nucumve.</span> 
     </span>
    </p>
   </div>
   <div class='ocr_carea' id='block_1_2' title="bbox 449 465 886 525">
    <p class='ocr_par' dir='ltr' id='par_1_2' title="bbox 449 465 886 525">
     <span class='ocr_line' id='line_1_2' title="bbox 449 465 886 525; baseline 0.007 -3"><span class='ocrx_word' id='word_1_6' title='bbox 449 465 607 524; x_wconf 84' lang='lat' dir='ltr'><strong>SALOMO</strong></span> <span class='ocrx_word' id='word_1_7' title='bbox 630 467 886 525; x_wconf 82' lang='lat' dir='ltr'>FRENZELIVS.</span> 
     </span>
    </p>
   </div>
   <div class='ocr_carea' id='block_1_3' title="bbox 485 613 846 671">
    <p class='ocr_par' dir='ltr' id='par_1_3' title="bbox 485 613 846 671">
     <span class='ocr_line' id='line_1_3' title="bbox 485 613 846 671; baseline -0.006 0"><span class='ocrx_word' id='word_1_8' title='bbox 485 613 604 671; x_wconf 84' lang='lat' dir='ltr'>Novae</span> <span class='ocrx_word' id='word_1_9' title='bbox 628 613 846 671; x_wconf 80' lang='lat' dir='ltr'>Germaniae.</span> 
     </span>
    </p>
   </div>
   <div class='ocr_carea' id='block_1_4' title="bbox 179 721 1122 2025">
    <p class='ocr_par' dir='ltr' id='par_1_4' title="bbox 179 721 1122 2025">
     <span class='ocr_line' id='line_1_4' title="bbox 225 721 1122 799; baseline 0.006 -20"><span class='ocrx_word' id='word_1_10' title='bbox 225 721 283 779; x_wconf 87' lang='lat' dir='ltr'>Cur</span> <span class='ocrx_word' id='word_1_11' title='bbox 304 723 384 780; x_wconf 90' lang='lat' dir='ltr'>Deus</span> <span class='ocrx_word' id='word_1_12' title='bbox 408 741 529 782; x_wconf 89' lang='lat' dir='ltr'>aversus</span> <span class='ocrx_word' id='word_1_13' title='bbox 552 722 628 782; x_wconf 82' lang='lat' dir='ltr'>tibi?</span> <span class='ocrx_word' id='word_1_14' title='bbox 663 725 794 798; x_wconf 85' lang='lat' dir='ltr'>Namque</span> <span class='ocrx_word' id='word_1_15' title='bbox 818 741 921 783; x_wconf 88' lang='lat' dir='ltr'>aversa</span> <span class='ocrx_word' id='word_1_16' title='bbox 942 725 1006 783; x_wconf 90' lang='lat' dir='ltr'>Deo</span> <span class='ocrx_word' id='word_1_17' title='bbox 1029 743 1122 799; x_wconf 88' lang='lat' dir='ltr'>mens,</span> 
     </span>
     <span class='ocr_line' id='line_1_5' title="bbox 266 817 825 891; baseline 0 -16"><span class='ocrx_word' id='word_1_18' title='bbox 266 817 358 887; x_wconf 80' lang='lat' dir='ltr'>Quem</span> <span class='ocrx_word' id='word_1_19' title='bbox 379 820 460 876; x_wconf 90' lang='lat' dir='ltr'>varie</span> <span class='ocrx_word' id='word_1_20' title='bbox 483 824 563 876; x_wconf 88' lang='lat' dir='ltr'>torta</span> <span class='ocrx_word' id='word_1_21' title='bbox 585 819 727 891; x_wconf 82' lang='lat' dir='ltr'>religione</span> <span class='ocrx_word' id='word_1_22' title='bbox 753 819 825 877; x_wconf 88' lang='lat' dir='ltr'>eolo.</span> 
     </span>
     <span class='ocr_line' id='line_1_6' title="bbox 224 910 1067 984; baseline 0.005 -16"><span class='ocrx_word' id='word_1_23' title='bbox 224 910 282 968; x_wconf 82' lang='lat' dir='ltr'>Cur</span> <span class='ocrx_word' id='word_1_24' title='bbox 297 929 368 970; x_wconf 86' lang='lat' dir='ltr'>sors</span> <span class='ocrx_word' id='word_1_25' title='bbox 391 913 470 970; x_wconf 91' lang='lat' dir='ltr'>nulla</span> <span class='ocrx_word' id='word_1_26' title='bbox 492 911 592 971; x_wconf 80' lang='lat' dir='ltr'>favet?</span> <span class='ocrx_word' id='word_1_27' title='bbox 628 913 705 984; x_wconf 77' lang='lat' dir='ltr'>Quia</span> <span class='ocrx_word' id='word_1_28' title='bbox 728 913 828 971; x_wconf 91' lang='lat' dir='ltr'>litibus</span> <span class='ocrx_word' id='word_1_29' title='bbox 852 914 949 970; x_wconf 91' lang='lat' dir='ltr'>omnia</span> <span class='ocrx_word' id='word_1_30' title='bbox 972 915 1067 972; x_wconf 89' lang='lat' dir='ltr'>saevis</span> 
     </span>
     <span class='ocr_line' id='line_1_7' title="bbox 266 1006 1110 1081; baseline 0.004 -18"><span class='ocrx_word' id='word_1_31' title='bbox 266 1007 364 1079; x_wconf 89' lang='lat' dir='ltr'>Plena,</span> <span class='ocrx_word' id='word_1_32' title='bbox 390 1008 493 1081; x_wconf 92' lang='lat' dir='ltr'>quibus</span> <span class='ocrx_word' id='word_1_33' title='bbox 516 1009 594 1066; x_wconf 93' lang='lat' dir='ltr'>nullo</span> <span class='ocrx_word' id='word_1_34' title='bbox 620 1014 700 1066; x_wconf 91' lang='lat' dir='ltr'>stant</span> <span class='ocrx_word' id='word_1_35' title='bbox 722 1009 799 1067; x_wconf 92' lang='lat' dir='ltr'>bona</span> <span class='ocrx_word' id='word_1_36' title='bbox 821 1026 911 1080; x_wconf 87' lang='lat' dir='ltr'>regna</span> <span class='ocrx_word' id='word_1_37' title='bbox 933 1008 1007 1066; x_wconf 89' lang='lat' dir='ltr'>loco.</span> <span class='ocrx_word' id='word_1_38' title='bbox 1105 1006 1110 1018; x_wconf 88' lang='lat'><em>&#39;</em></span> 
     </span>
     <span class='ocr_line' id='line_1_8' title="bbox 195 1100 1051 1176; baseline 0.002 -19"><span class='ocrx_word' id='word_1_39' title='bbox 195 1100 283 1158; x_wconf 80' lang='lat' dir='ltr'>nCur</span> <span class='ocrx_word' id='word_1_40' title='bbox 303 1102 402 1159; x_wconf 89' lang='lat' dir='ltr'>lacero</span> <span class='ocrx_word' id='word_1_41' title='bbox 425 1103 546 1172; x_wconf 87' lang='lat' dir='ltr'>incedis,</span> <span class='ocrx_word' id='word_1_42' title='bbox 572 1104 654 1176; x_wconf 88' lang='lat' dir='ltr'>quasi</span> <span class='ocrx_word' id='word_1_43' title='bbox 678 1101 784 1161; x_wconf 91' lang='lat' dir='ltr'>flebilis</span> <span class='ocrx_word' id='word_1_44' title='bbox 809 1103 898 1172; x_wconf 88' lang='lat' dir='ltr'>exsul,</span> <span class='ocrx_word' id='word_1_45' title='bbox 924 1100 1051 1160; x_wconf 80' lang='lat' dir='ltr'>amictu?</span> 
     </span>
     <span class='ocr_line' id='line_1_9' title="bbox 266 1195 911 1269; baseline 0 -16"><span class='ocrx_word' id='word_1_46' title='bbox 266 1195 350 1266; x_wconf 78' lang='lat' dir='ltr'>Quod</span> <span class='ocrx_word' id='word_1_47' title='bbox 372 1197 442 1254; x_wconf 90' lang='lat' dir='ltr'>mihi</span> <span class='ocrx_word' id='word_1_48' title='bbox 464 1197 593 1255; x_wconf 84' lang='lat' dir='ltr'>luxuries</span> <span class='ocrx_word' id='word_1_49' title='bbox 618 1199 784 1269; x_wconf 89' lang='lat' dir='ltr'>perniciosa</span> <span class='ocrx_word' id='word_1_50' title='bbox 806 1198 911 1269; x_wconf 84' lang='lat' dir='ltr'>placet.</span> 
     </span>
     <span class='ocr_line' id='line_1_10' title="bbox 221 1290 1093 1375; baseline 0.003 -28"><span class='ocrx_word' id='word_1_51' title='bbox 221 1290 278 1348; x_wconf 88' lang='lat' dir='ltr'>Sed</span> <span class='ocrx_word' id='word_1_52' title='bbox 302 1309 354 1347; x_wconf 89' lang='lat' dir='ltr'>cur</span> <span class='ocrx_word' id='word_1_53' title='bbox 376 1292 528 1348; x_wconf 90' lang='lat' dir='ltr'>consilium</span> <span class='ocrx_word' id='word_1_54' title='bbox 551 1293 632 1350; x_wconf 90' lang='lat' dir='ltr'>rudis</span> <span class='ocrx_word' id='word_1_55' title='bbox 661 1310 692 1349; x_wconf 91' lang='lat' dir='ltr'>es</span> <span class='ocrx_word' id='word_1_56' title='bbox 716 1292 795 1362; x_wconf 89' lang='lat' dir='ltr'>dare,</span> <span class='ocrx_word' id='word_1_57' title='bbox 822 1297 985 1375; x_wconf 83' lang='lat' dir='ltr'>cunctaque¹</span> <span class='ocrx_word' id='word_1_58' title='bbox 1003 1291 1093 1350; x_wconf 91' lang='lat' dir='ltr'>finem</span> 
     </span>
     <span class='ocr_line' id='line_1_11' title="bbox 266 1383 1048 1459; baseline 0.001 -18"><span class='ocrx_word' id='word_1_59' title='bbox 266 1385 324 1441; x_wconf 84' lang='lat' dir='ltr'>Cur</span> <span class='ocrx_word' id='word_1_60' title='bbox 345 1384 492 1442; x_wconf 87' lang='lat' dir='ltr'>funestum</span> <span class='ocrx_word' id='word_1_61' title='bbox 515 1386 599 1456; x_wconf 90' lang='lat' dir='ltr'>adeo,</span> <span class='ocrx_word' id='word_1_62' title='bbox 625 1403 697 1459; x_wconf 87' lang='lat' dir='ltr'>quae</span> <span class='ocrx_word' id='word_1_63' title='bbox 721 1387 894 1457; x_wconf 89' lang='lat' dir='ltr'>moderaris,</span> <span class='ocrx_word' id='word_1_64' title='bbox 918 1383 1048 1444; x_wconf 81' lang='lat' dir='ltr'>habent?</span> 
     </span>
     <span class='ocr_line' id='line_1_12' title="bbox 221 1477 950 1553; baseline 0.005 -19"><span class='ocrx_word' id='word_1_65' title='bbox 221 1477 338 1535; x_wconf 84' lang='lat' dir='ltr'>Scilicet</span> <span class='ocrx_word' id='word_1_66' title='bbox 360 1480 471 1536; x_wconf 42' lang='lat' dir='ltr'>edonias</span> <span class='ocrx_word' id='word_1_67' title='bbox 495 1482 659 1552; x_wconf 82' lang='lat' dir='ltr'>contempsi</span> <span class='ocrx_word' id='word_1_68' title='bbox 683 1481 807 1553; x_wconf 85' lang='lat' dir='ltr'>prodiga</span> <span class='ocrx_word' id='word_1_69' title='bbox 830 1498 950 1550; x_wconf 89' lang='lat' dir='ltr'>merces,</span> 
     </span>
     <span class='ocr_line' id='line_1_13' title="bbox 265 1573 893 1648; baseline 0.002 -18"><span class='ocrx_word' id='word_1_70' title='bbox 265 1573 388 1648; x_wconf 89' lang='lat' dir='ltr'>Otiaque</span> <span class='ocrx_word' id='word_1_71' title='bbox 410 1576 441 1631; x_wconf 93' lang='lat' dir='ltr'>in</span> <span class='ocrx_word' id='word_1_72' title='bbox 463 1576 563 1646; x_wconf 90' lang='lat' dir='ltr'>primis</span> <span class='ocrx_word' id='word_1_73' title='bbox 587 1576 791 1647; x_wconf 88' lang='lat' dir='ltr'>complacuere</span> <span class='ocrx_word' id='word_1_74' title='bbox 814 1576 893 1632; x_wconf 93' lang='lat' dir='ltr'>mihi.</span> 
     </span>
     <span class='ocr_line' id='line_1_14' title="bbox 179 1668 977 1741; baseline -0.001 -14"><span class='ocrx_word' id='word_1_75' title='bbox 179 1688 205 1727; x_wconf 83' lang='lat' dir='ltr'>ro</span> <span class='ocrx_word' id='word_1_76' title='bbox 220 1668 268 1726; x_wconf 89' lang='lat' dir='ltr'>Sic</span> <span class='ocrx_word' id='word_1_77' title='bbox 291 1670 384 1727; x_wconf 89' lang='lat' dir='ltr'>invisa</span> <span class='ocrx_word' id='word_1_78' title='bbox 405 1670 480 1740; x_wconf 90' lang='lat' dir='ltr'>Deo,</span> <span class='ocrx_word' id='word_1_79' title='bbox 506 1671 587 1740; x_wconf 89' lang='lat' dir='ltr'>sorti,</span> <span class='ocrx_word' id='word_1_80' title='bbox 615 1687 712 1727; x_wconf 88' lang='lat' dir='ltr'>rerum</span> <span class='ocrx_word' id='word_1_81' title='bbox 736 1671 862 1728; x_wconf 90' lang='lat' dir='ltr'>omnium</span> <span class='ocrx_word' id='word_1_82' title='bbox 886 1686 977 1741; x_wconf 83' lang='lat' dir='ltr'>egena</span> 
     </span>
     <span class='ocr_line' id='line_1_15' title="bbox 261 1763 1014 1838; baseline 0 -18"><span class='ocrx_word' id='word_1_83' title='bbox 261 1763 440 1834; x_wconf 87' lang='lat' dir='ltr'>Discrucior,</span> <span class='ocrx_word' id='word_1_84' title='bbox 464 1783 510 1822; x_wconf 93' lang='lat' dir='ltr'>me</span> <span class='ocrx_word' id='word_1_85' title='bbox 534 1764 573 1822; x_wconf 91' lang='lat' dir='ltr'>nil</span> <span class='ocrx_word' id='word_1_86' title='bbox 598 1782 683 1838; x_wconf 89' lang='lat' dir='ltr'>quam</span> <span class='ocrx_word' id='word_1_87' title='bbox 705 1765 782 1822; x_wconf 89' lang='lat' dir='ltr'>mala</span> <span class='ocrx_word' id='word_1_88' title='bbox 803 1763 865 1821; x_wconf 87' lang='lat' dir='ltr'>fata</span> <span class='ocrx_word' id='word_1_89' title='bbox 888 1769 1014 1822; x_wconf 84' lang='lat' dir='ltr'>manent.</span> 
     </span>
     <span class='ocr_line' id='line_1_16' title="bbox 218 1857 1105 1932; baseline 0.005 -18"><span class='ocrx_word' id='word_1_90' title='bbox 218 1858 323 1915; x_wconf 87' lang='lat' dir='ltr'>Exitus</span> <span class='ocrx_word' id='word_1_91' title='bbox 348 1865 414 1916; x_wconf 88' lang='lat' dir='ltr'>acta</span> <span class='ocrx_word' id='word_1_92' title='bbox 436 1858 555 1931; x_wconf 87' lang='lat' dir='ltr'>probat:</span> <span class='ocrx_word' id='word_1_93' title='bbox 583 1860 704 1931; x_wconf 91' lang='lat' dir='ltr'>capiunt</span> <span class='ocrx_word' id='word_1_94' title='bbox 729 1858 847 1930; x_wconf 83' lang='lat' dir='ltr'>dignum</span> <span class='ocrx_word' id='word_1_95' title='bbox 871 1874 939 1916; x_wconf 89' lang='lat' dir='ltr'>orsa</span> <span class='ocrx_word' id='word_1_96' title='bbox 958 1857 1105 1932; x_wconf 80' lang='lat' dir='ltr'>laborem3</span> 
     </span>
     <span class='ocr_line' id='line_1_17' title="bbox 260 1952 946 2025; baseline 0 -16"><span class='ocrx_word' id='word_1_97' title='bbox 260 1952 369 2011; x_wconf 90' lang='lat' dir='ltr'>Desine</span> <span class='ocrx_word' id='word_1_98' title='bbox 393 1954 485 2025; x_wconf 90' lang='lat' dir='ltr'>plura,</span> <span class='ocrx_word' id='word_1_99' title='bbox 510 1959 590 2010; x_wconf 90' lang='lat' dir='ltr'>vetat</span> <span class='ocrx_word' id='word_1_100' title='bbox 616 1953 716 2011; x_wconf 87' lang='lat' dir='ltr'>dicere</span> <span class='ocrx_word' id='word_1_101' title='bbox 742 1953 825 2025; x_wconf 91' lang='lat' dir='ltr'>plura</span> <span class='ocrx_word' id='word_1_102' title='bbox 849 1953 946 2011; x_wconf 85' lang='lat' dir='ltr'>dolor!</span> 
     </span>
    </p>
   </div>
   <div class='ocr_carea' id='block_1_5' title="bbox 551 2296 778 2354">
    <p class='ocr_par' dir='ltr' id='par_1_5' title="bbox 551 2296 778 2354">
     <span class='ocr_line' id='line_1_18' title="bbox 551 2296 778 2354; baseline 0 -2"><span class='ocrx_word' id='word_1_103' title='bbox 551 2296 778 2354; x_wconf 87' lang='lat' dir='ltr'>ANONYMVS.</span> 
     </span>
    </p>
   </div>
   <div class='ocr_carea' id='block_1_6' title="bbox 533 2427 792 2512">
    <p class='ocr_par' dir='ltr' id='par_1_6' title="bbox 533 2427 792 2512">
     <span class='ocr_line' id='line_1_19' title="bbox 533 2427 792 2512; baseline -0.004 -22"><span class='ocrx_word' id='word_1_104' title='bbox 533 2427 792 2512; x_wconf 76' lang='grc' dir='ltr'><strong><em>Ἑπίπληξις</em></strong></span> 
     </span>
    </p>
   </div>
   <div class='ocr_carea' id='block_1_7' title="bbox 176 2543 1151 2721">
    <p class='ocr_par' dir='ltr' id='par_1_7' title="bbox 176 2543 1151 2721">
     <span class='ocr_line' id='line_1_20' title="bbox 196 2543 1127 2617; baseline 0 -14"><span class='ocrx_word' id='word_1_105' title='bbox 196 2546 238 2603; x_wconf 92' lang='lat' dir='ltr'>ob</span> <span class='ocrx_word' id='word_1_106' title='bbox 268 2561 496 2614; x_wconf 84' lang='lat' dir='ltr'>sarcasmum,</span> <span class='ocrx_word' id='word_1_107' title='bbox 532 2561 597 2617; x_wconf 93' lang='lat' dir='ltr'>quo</span> <span class='ocrx_word' id='word_1_108' title='bbox 633 2543 786 2602; x_wconf 83' lang='lat' dir='ltr'>Carolus</span> <span class='ocrx_word' id='word_1_109' title='bbox 819 2545 952 2614; x_wconf 63' lang='lat' dir='ltr'>Nonus</span> <span class='ocrx_word' id='word_1_110' title='bbox 988 2544 1127 2604; x_wconf 86' lang='lat' dir='ltr'>Galliac</span> 
     </span>
     <span class='ocr_line' id='line_1_21' title="bbox 176 2648 1151 2721; baseline 0 -15"><span class='ocrx_word' id='word_1_111' title='bbox 176 2648 1151 2721; x_wconf 67' lang='lat' dir='ltr'>tyrannusfuneraChristianorumadlatraredicitur.</span> 
     </span>
    </p>
   </div>
   <div class='ocr_carea' id='block_1_8' title="bbox 163 2759 1025 3678">
    <p class='ocr_par' dir='ltr' id='par_1_8' title="bbox 163 2759 1025 3678">
     <span class='ocr_line' id='line_1_22' title="bbox 216 2759 1003 2833; baseline -0.001 -16"><span class='ocrx_word' id='word_1_112' title='bbox 216 2761 249 2818; x_wconf 95' lang='lat' dir='ltr'>In</span> <span class='ocrx_word' id='word_1_113' title='bbox 272 2765 354 2818; x_wconf 89' lang='lat' dir='ltr'>tanto</span> <span class='ocrx_word' id='word_1_114' title='bbox 378 2761 488 2818; x_wconf 91' lang='lat' dir='ltr'>scelere</span> <span class='ocrx_word' id='word_1_115' title='bbox 511 2766 597 2833; x_wconf 90' lang='lat' dir='ltr'>atque</span> <span class='ocrx_word' id='word_1_116' title='bbox 622 2759 742 2817; x_wconf 86' lang='lat' dir='ltr'>infanda</span> <span class='ocrx_word' id='word_1_117' title='bbox 766 2760 855 2817; x_wconf 89' lang='lat' dir='ltr'>caede</span> <span class='ocrx_word' id='word_1_118' title='bbox 878 2764 1003 2829; x_wconf 88' lang='lat' dir='ltr'>tuorum,</span> 
     </span>
     <span class='ocr_line' id='line_1_23' title="bbox 260 2854 865 2924; baseline -0.003 -12"><span class='ocrx_word' id='word_1_119' title='bbox 260 2855 372 2924; x_wconf 85' lang='lat' dir='ltr'>Carole,</span> <span class='ocrx_word' id='word_1_120' title='bbox 397 2861 426 2912; x_wconf 93' lang='lat' dir='ltr'>te</span> <span class='ocrx_word' id='word_1_121' title='bbox 449 2854 546 2912; x_wconf 84' lang='lat' dir='ltr'>verbis</span> <span class='ocrx_word' id='word_1_122' title='bbox 569 2855 670 2912; x_wconf 87' lang='lat' dir='ltr'>ludere</span> <span class='ocrx_word' id='word_1_123' title='bbox 694 2872 794 2911; x_wconf 90' lang='lat' dir='ltr'>rumor</span> <span class='ocrx_word' id='word_1_124' title='bbox 816 2855 865 2924; x_wconf 89' lang='lat' dir='ltr'>ait,</span> 
     </span>
     <span class='ocr_line' id='line_1_24' title="bbox 218 2947 1025 3022; baseline -0.002 -15"><span class='ocrx_word' id='word_1_125' title='bbox 218 2948 345 3022; x_wconf 83' lang='lat' dir='ltr'>Cumque</span> <span class='ocrx_word' id='word_1_126' title='bbox 367 2955 435 3007; x_wconf 88' lang='lat' dir='ltr'>tuae</span> <span class='ocrx_word' id='word_1_127' title='bbox 458 2951 567 3020; x_wconf 91' lang='lat' dir='ltr'>passim</span> <span class='ocrx_word' id='word_1_128' title='bbox 590 2949 742 3007; x_wconf 86' lang='lat' dir='ltr'>submersa</span> <span class='ocrx_word' id='word_1_129' title='bbox 766 2949 910 3006; x_wconf 90' lang='lat' dir='ltr'>cadavera</span> <span class='ocrx_word' id='word_1_130' title='bbox 931 2947 1025 3020; x_wconf 88' lang='lat' dir='ltr'>plebis</span> 
     </span>
     <span class='ocr_line' id='line_1_25' title="bbox 258 3015 994 3117; baseline -0.001 -17"><span class='ocrx_word' id='word_1_131' title='bbox 258 3043 364 3102; x_wconf 85' lang='lat' dir='ltr'>Volvat</span> <span class='ocrx_word' id='word_1_132' title='bbox 385 3046 416 3102; x_wconf 93' lang='lat' dir='ltr'>in</span> <span class='ocrx_word' id='word_1_133' title='bbox 438 3061 598 3117; x_wconf 88' lang='lat' dir='ltr'>aequoreas</span> <span class='ocrx_word' id='word_1_134' title='bbox 622 3015 757 3116; x_wconf 76' lang='lat' dir='ltr'>Seqriana</span> <span class='ocrx_word' id='word_1_135' title='bbox 779 3044 872 3100; x_wconf 90' lang='lat' dir='ltr'>tristis</span> <span class='ocrx_word' id='word_1_136' title='bbox 895 3059 994 3115; x_wconf 88' lang='lat' dir='ltr'>aquas.</span> 
     </span>
     <span class='ocr_line' id='line_1_26' title="bbox 187 3139 918 3211; baseline -0.007 -13"><span class='ocrx_word' id='word_1_137' title='bbox 187 3139 258 3199; x_wconf 79' lang='lat' dir='ltr'>aTu</span> <span class='ocrx_word' id='word_1_138' title='bbox 280 3139 375 3210; x_wconf 86' lang='lat' dir='ltr'>pisces</span> <span class='ocrx_word' id='word_1_139' title='bbox 399 3139 455 3196; x_wconf 92' lang='lat' dir='ltr'>illis</span> <span class='ocrx_word' id='word_1_140' title='bbox 478 3139 564 3207; x_wconf 90' lang='lat' dir='ltr'>vesci,</span> <span class='ocrx_word' id='word_1_141' title='bbox 590 3140 638 3211; x_wconf 92' lang='lat' dir='ltr'>qui</span> <span class='ocrx_word' id='word_1_142' title='bbox 661 3139 800 3196; x_wconf 87' lang='lat' dir='ltr'>mandere</span> <span class='ocrx_word' id='word_1_143' title='bbox 823 3139 918 3209; x_wconf 89' lang='lat' dir='ltr'>pisces</span> 
     </span>
     <span class='ocr_line' id='line_1_27' title="bbox 256 3230 884 3304; baseline -0.005 -14"><span class='ocrx_word' id='word_1_144' title='bbox 256 3233 411 3291; x_wconf 84' lang='lat' dir='ltr'>Noluerint</span> <span class='ocrx_word' id='word_1_145' title='bbox 432 3234 527 3290; x_wconf 90' lang='lat' dir='ltr'>Roma</span> <span class='ocrx_word' id='word_1_146' title='bbox 548 3234 758 3304; x_wconf 86' lang='lat' dir='ltr'>praecipiente,</span> <span class='ocrx_word' id='word_1_147' title='bbox 783 3230 884 3289; x_wconf 84' lang='lat' dir='ltr'>refers.</span> 
     </span>
     <span class='ocr_line' id='line_1_28' title="bbox 212 3327 1022 3401; baseline -0.004 -16"><span class='ocrx_word' id='word_1_148' title='bbox 212 3328 360 3401; x_wconf 90' lang='lat' dir='ltr'>Inlepidus</span> <span class='ocrx_word' id='word_1_149' title='bbox 383 3329 465 3385; x_wconf 92' lang='lat' dir='ltr'>iocus</span> <span class='ocrx_word' id='word_1_150' title='bbox 489 3333 611 3386; x_wconf 85' lang='lat' dir='ltr'>estnec</span> <span class='ocrx_word' id='word_1_151' title='bbox 636 3328 741 3399; x_wconf 79' lang='lat' dir='ltr'>dignus</span> <span class='ocrx_word' id='word_1_152' title='bbox 764 3327 894 3398; x_wconf 89' lang='lat' dir='ltr'>principe</span> <span class='ocrx_word' id='word_1_153' title='bbox 918 3342 1022 3394; x_wconf 88' lang='lat' dir='ltr'>sermo,</span> 
     </span>
     <span class='ocr_line' id='line_1_29' title="bbox 257 3422 830 3495; baseline -0.007 -14"><span class='ocrx_word' id='word_1_154' title='bbox 257 3423 313 3493; x_wconf 78' lang='lat' dir='ltr'>Qui</span> <span class='ocrx_word' id='word_1_155' title='bbox 334 3423 433 3495; x_wconf 91' lang='lat' dir='ltr'>populi</span> <span class='ocrx_word' id='word_1_156' title='bbox 456 3423 564 3494; x_wconf 83' lang='lat' dir='ltr'>gaudet</span> <span class='ocrx_word' id='word_1_157' title='bbox 586 3423 754 3494; x_wconf 87' lang='lat' dir='ltr'>perditione</span> <span class='ocrx_word' id='word_1_158' title='bbox 777 3422 830 3478; x_wconf 89' lang='lat' dir='ltr'>sui.</span> 
     </span>
     <span class='ocr_line' id='line_1_30' title="bbox 170 3508 1011 3588; baseline -0.007 -11"><span class='ocrx_word' id='word_1_159' title='bbox 170 3508 180 3524; x_wconf 74' lang='lat'><em>&#39;</em></span> <span class='ocrx_word' id='word_1_160' title='bbox 213 3520 277 3577; x_wconf 85' lang='lat' dir='ltr'>Rex</span> <span class='ocrx_word' id='word_1_161' title='bbox 298 3518 392 3576; x_wconf 87' lang='lat' dir='ltr'>bonus</span> <span class='ocrx_word' id='word_1_162' title='bbox 416 3518 453 3575; x_wconf 90' lang='lat' dir='ltr'>ad</span> <span class='ocrx_word' id='word_1_163' title='bbox 475 3534 584 3588; x_wconf 82' lang='lat' dir='ltr'>poenas</span> <span class='ocrx_word' id='word_1_164' title='bbox 608 3517 696 3588; x_wconf 81' lang='lat' dir='ltr'>gemit</span> <span class='ocrx_word' id='word_1_165' title='bbox 721 3521 750 3572; x_wconf 91' lang='lat' dir='ltr'>et</span> <span class='ocrx_word' id='word_1_166' title='bbox 774 3516 899 3587; x_wconf 90' lang='lat' dir='ltr'>suspiria</span> <span class='ocrx_word' id='word_1_167' title='bbox 922 3515 1011 3584; x_wconf 87' lang='lat' dir='ltr'>ducit,</span> 
     </span>
     <span class='ocr_line' id='line_1_31' title="bbox 163 3609 859 3678; baseline -0.009 -7"><span class='ocrx_word' id='word_1_168' title='bbox 163 3632 195 3671; x_wconf 84' lang='lat'>10</span> <span class='ocrx_word' id='word_1_169' title='bbox 257 3613 326 3671; x_wconf 77' lang='lat' dir='ltr'>Cum</span> <span class='ocrx_word' id='word_1_170' title='bbox 352 3613 469 3672; x_wconf 90' lang='lat' dir='ltr'>cohibet</span> <span class='ocrx_word' id='word_1_171' title='bbox 492 3612 568 3669; x_wconf 89' lang='lat' dir='ltr'>cives</span> <span class='ocrx_word' id='word_1_172' title='bbox 594 3609 761 3669; x_wconf 87' lang='lat' dir='ltr'>earnificina</span> <span class='ocrx_word' id='word_1_173' title='bbox 785 3626 859 3678; x_wconf 78' lang='lat' dir='ltr'>rece,</span> 
     </span>
    </p>
   </div>
   <div class='ocr_carea' id='block_1_9' title="bbox 0 0 1242 4050">
    <p class='ocr_par' dir='ltr' id='par_1_9' title="bbox 0 0 1242 4050">
     <span class='ocr_line' id='line_1_32' title="bbox 0 0 1242 4050; baseline 0 0"><span class='ocrx_word' id='word_1_174' title='bbox 0 0 1242 4050; x_wconf 95' lang='lat' dir='ltr'> </span> 
     </span>
    </p>
   </div>
  </div>
 </body>
</html>
