2476 4050
144 175 183 233 52
219 186 261 231 111.
278 185 464 232 rnrnnnrovs
477 184 691 237 wrounnluvs
713 183 888 229 mconmrvs
900 183 1127 231 rnrsonurnvs

184 362 247 420 Ceu
269 363 346 420 redit
373 362 412 420 ad
434 362 574 419 vomitum
602 361 681 418 canis
710 365 796 432 atque
819 359 967 418 immunda
988 360 1130 418 vicissim

183 457 283 514 Mersa
306 457 461 526 volutatur,
487 473 542 528 quo
565 455 679 513 vixerat
702 460 778 524 ante,
802 457 864 512 luto
888 472 946 512 sus.

140 570 168 612 65
184 552 240 609 Hic
263 568 318 624 ope
342 552 440 609 divina
463 556 508 609 est
531 568 603 622 opus
628 557 657 608 et
681 550 854 608 caelestibus
878 550 975 607 armis.

243 645 335 704 Vncte
358 648 451 719 patris
473 644 547 703 flatu
569 663 621 702 rex
644 650 730 717 atque
754 662 887 716 supreme
910 644 1062 716 sacerdos,

180 741 225 798 Tu
248 758 360 813 quoque
385 741 510 810 Christe,
535 741 577 796 tui
600 757 645 797 me
668 740 825 798 chrismate
848 740 973 797 numinis
996 759 1089 814 unge,

181 835 220 892 Vt
243 835 297 893 tibi
321 840 446 908 cognata
469 834 627 893 conformis
649 836 775 907 imagine
798 834 893 893 iactus

181 931 291 988 Tecum
313 930 450 1000 habitem,
475 930 530 988 tibi
549 930 626 988 ferre
651 947 773 999 crucem,
799 930 853 988 tibi
867 931 984 988 vincere
1005 932 1128 992 discam

139 1044 167 1086 ro
183 1025 278 1084 Solius
301 1028 387 1098 inque
410 1031 461 1083 tuo
484 1026 599 1098 placide
622 1026 806 1098 requiescere
829 1029 909 1095 nutu,

181 1120 262 1190 Quae
284 1121 356 1178 mihi
380 1137 500 1193 eumque
524 1137 601 1189 caro,
626 1136 822 1192 quaecumque
844 1120 974 1191 pericula
990 1120 1128 1182 daemon

181 1215 295 1288 Proque
318 1221 368 1272 tuo
393 1216 519 1272 cumulet
539 1215 667 1272 ludibria
688 1215 804 1272 nomine
828 1215 960 1273 mundus.

180 1309 265 1379 Quod
288 1310 368 1367 dolet
390 1311 420 1367 in
442 1310 538 1379 terris,
563 1314 739 1366 momentum
762 1315 807 1366 est
829 1310 913 1367 unius
937 1310 1039 1380 horae,

180 1404 260 1474 Quae
283 1405 363 1461 iuvat
385 1405 416 1461 in
439 1405 536 1473 caelis,
561 1409 712 1461 aeternum
734 1405 828 1476 gloria
851 1404 945 1461 durat.

523 1592 728 1599 ———

362 1730 593 1788 NICODEMVS
616 1729 885 1788 FRISCHLINVS.

136 1868 188 1925 Ad
211 1868 243 1925 P.
267 1868 465 1940 Vergilium
488 1868 682 1936 Maronem,
706 1873 891 1939 poetarum
913 1868 1123 1943 principem

561 1962 687 2033 elegia.

178 2065 300 2138 Vergilii
323 2082 423 2123 manes
446 2070 475 2122 et
497 2065 627 2137 perpetis
652 2081 719 2122 ossa
741 2063 857 2123 favillae

221 2160 268 2218 Ed
291 2160 430 2233 quidquid
454 2160 564 2232 campis
587 2164 681 2218 restat
702 2160 732 2216 in
756 2160 873 2233 Elysiis,

178 2255 237 2313 Vos
262 2272 315 2327 ego
340 2255 490 2326 compello,
517 2271 567 2312 vos
590 2256 684 2325 primo
708 2255 739 2311 in
760 2256 890 2327 margine
913 2255 981 2313 libri

220 2349 373 2421 Adloquor
396 2354 426 2406 et
448 2354 539 2406 testes
563 2349 601 2406 ad
623 2367 688 2407 mea
711 2349 801 2408 verba
822 2367 905 2408 voco.

148 2443 209 2504 asi
231 2444 307 2500 mala
330 2443 487 2500 Frischlini
508 2443 627 2500 laedent
651 2445 782 2502 convicia
804 2445 920 2502 Musam

219 2537 378 2607 Insontem,
403 2537 477 2594 hanc
499 2541 598 2595 vestra
620 2539 683 2607 rite,
699 2539 804 2597 iuvetis
829 2539 898 2611 opel

177 2632 269 2689 Furta
291 2633 362 2689 meis
386 2632 468 2688 multi
484 2633 590 2699 ,dicent
612 2632 734 2692 haerere
757 2633 861 2692 libellis

217 2727 258 2785 Et
280 2744 345 2785 mea
367 2727 444 2800 quod
466 2727 555 2786 fuerit
577 2728 688 2799 praeda
711 2729 842 2786 Maronis
866 2746 953 2803 opus3

175 2822 320 2879 Duritiem
342 2839 443 2880 versus
468 2839 572 2880 censor
596 2817 724 2894 culpabit
747 2824 870 2896 iniquus

134 2935 161 2977 ro
218 2917 310 2987 Quam
333 2917 448 2989 peperit
469 2918 597 2975 numeris
620 2918 753 2985 Teutona
775 2919 874 2991 lingua
896 2919 981 2992 meis3

176 3012 236 3068 Aut
258 3012 342 3068 nimis
367 3011 497 3070 abiectas
522 3018 643 3083 carpent
665 3013 817 3071 mendacia
839 3030 926 3071 voces
968 3058 970 3062 >

218 3106 278 3162 Aut
301 3104 380 3163 aliud
404 3106 502 3164 dicent
525 3107 634 3164 crimen
656 3107 752 3165 inesse
774 3107 859 3166 libro.

176 3198 234 3257 Sed
258 3199 360 3272 quibus
385 3216 506 3258 excuser
529 3201 633 3259 merito
657 3202 829 3273 rationibus,
854 3203 931 3272 audi,

218 3293 248 3351 Si
271 3311 316 3352 me
340 3295 441 3352 audire
463 3300 558 3367 potes,
583 3313 692 3354 summe
714 3301 811 3368 poeta,
836 3296 937 3354 Maro!

131 3405 160 3450 15
173 3388 330 3446 Dissimilis
353 3394 485 3447 nostrum
507 3389 626 3448 fortuna
648 3392 773 3464 utrique,
797 3397 904 3464 tuaque

217 3484 243 3540 Α
265 3483 351 3556 longe
374 3483 496 3543 inferior
518 3502 582 3543 sors
604 3502 670 3543 mea
693 3490 772 3544 sorte
795 3484 859 3542 luit.

172 3576 287 3650 Lingua
308 3578 414 3636 Latina
436 3586 487 3638 tuo
511 3580 665 3638 vernacula
687 3578 770 3637 fluxit
795 3580 831 3638 ab
856 3598 915 3650 ore,
