2476 4050
434 211 477 256 tx.
505 209 645 254 EOBANVS
666 209 792 256 HESSVS.

212 388 251 444 Ni
273 393 332 456 tua,
356 387 488 455 Lntheri,
513 387 623 457 scripta
644 403 752 458 negare
775 383 895 444 volent?

171 484 296 554 Aspicis,
321 487 354 539 ut
376 487 480 539 coeant
502 479 602 538 fatuae
625 486 670 538 tot
692 481 772 538 milia
794 488 904 553 gentes

215 578 314 635 Gallus
337 582 369 633 ut
391 577 458 633 hinc
481 575 587 632 bellum
610 577 720 647 cogitet
742 576 809 633 inde
831 576 902 634 Leo,

126 674 185 735 451
208 690 283 729 nunc
306 677 456 729 auctorem
478 671 559 741 pacis
582 687 722 728 venerare
745 670 875 728 Leonem

213 768 253 824 Et
277 766 386 823 Christi
409 765 510 822 titulos
533 765 609 821 illius
634 782 697 822 esse
720 771 800 836 puta.

169 863 210 920 Te
233 878 346 934 quoque
369 861 446 917 bella
467 865 594 928 manent,
618 877 671 931 pro
688 865 717 917 te
742 877 854 932 quoque
870 860 947 919 bella
963 862 1099 932 gerenda,

214 957 248 1012 In
271 972 359 1013 causa
382 960 482 1026 partes
507 959 573 1010 sunt
595 955 715 1012 meliore
739 960 817 1023 tuae,

170 1052 279 1124 Magna
300 1051 356 1121 piis
379 1067 433 1121 pro
457 1053 486 1105 te
511 1048 667 1105 Germania
689 1048 780 1105 stabit
802 1050 830 1105 in
855 1051 952 1116 armis,

128 1165 157 1207 50
216 1145 292 1214 Quid
316 1143 432 1201 dubitas
456 1142 635 1214 orbemque
659 1143 746 1200 cadat
767 1144 817 1200 illa
844 1142 940 1201 trahi?

172 1239 296 1297 Imodo
320 1256 378 1296 11011
401 1239 497 1309 aliqua
518 1254 637 1309 pressus
660 1237 830 1295 formidine:
855 1238 925 1295 nulli

215 1335 241 1390 Ε
265 1334 379 1405 superis
405 1332 551 1389 Christum
574 1332 769 1404 praecipitare
793 1333 889 1389 datur.

172 1429 258 1485 Hunc
281 1427 388 1484 etenim
411 1426 543 1498 belloque
566 1432 670 1498 petunt
692 1427 837 1499 armisque
859 1427 1015 1497 lacessunt,

217 1522 272 1592 Qui
295 1526 346 1578 tua
369 1521 479 1592 scripta
501 1526 609 1589 vetant,
635 1521 720 1578 docte
742 1521 880 1590 Lutherc‚
905 1522 970 1592 legi.

133 1617 201 1686 551,
228 1615 309 1673 dabit
331 1616 379 1673 ille
404 1615 457 1672 tibi
481 1617 567 1687 11100,
592 1616 640 1686 qui
663 1632 694 1672 sc
717 1615 799 1672 dedit
822 1616 925 1686 ipsum,

220 1711 302 1768 Idem
326 1710 464 1780 servabit,
489 1710 537 1781 qui
559 1715 656 1767 movet
679 1709 758 1777 illud,
784 1727 866 1780 opus.

174 1806 265 1895 Vade,
290 1805 386 1862 animo
409 1821 468 1861 non
490 1804 583 1861 fracte
606 1820 660 1860 nec
682 1804 747 1860 ullis
770 1809 848 1861 mete
871 1805 997 1875 periclis

224 1899 286 1968 Quo
307 1900 400 1955 minus
424 1899 479 1955 hoc
503 1898 599 1956 audax
622 1898 817 1970 ingredereris
840 1899 906 1956 iter.

177 1994 258 2052 Sicut
280 1994 373 2065 prima
397 1993 469 2050 satis
492 1991 610 2050 fortuna
633 1993 750 2050 adridet
773 1994 862 2062 eunti,

133 2107 162 2150 00
221 2087 335 2146 Clarior
358 2093 404 2144 est
426 2088 538 2144 reditus
560 2086 638 2144 fama
660 2086 759 2144 futura
782 2089 833 2144 tui.

177 2183 258 2240 Vade
281 2182 365 2239 bonis
389 2182 500 2250 avibus,
526 2181 658 2238 Christus
682 2187 799 2238 tueatur
822 2189 946 2252 euntem,

219 2277 258 2333 Vt
280 2277 384 2333 redeas
408 2275 470 2333 fato
495 2276 674 2346 candidiore,
698 2276 775 2333 vale!

177 2679 229 2735 Ad
255 2678 391 2735 Iustum
419 2678 540 2735 Ionam
575 2678 779 2750 theologum
807 2698 880 2736 cum
907 2681 1066 2739 Martino

343 2790 547 2847 redeuntem
572 2807 589 2847 a
613 2789 764 2848 Caesare
789 2792 913 2864 elegia.

178 2936 221 2993 Tu
244 2953 356 3008 quoque
380 2937 555 3008 magnanimi
579 2955 675 2995 eomes
699 2939 844 2996 indeviote
867 2939 997 3010 Lutheri,

222 3032 332 3088 Noster
353 3032 384 3087 in
406 3032 461 3088 hac
483 3031 556 3089 Iona
578 3037 661 3103 parte
686 3034 832 3090 canendus
857 3051 931 3102 0100,

179 3126 258 3182 Ause
281 3131 384 3196 parata
409 3127 490 3197 sequi
513 3128 643 3183 velutin
666 3144 719 3184 sua
740 3128 802 3186 fata
825 3135 972 3187 ruentem:

223 3220 279 3276 Est
301 3220 389 3277 etiam
412 3220 510 3277 meriti
533 3223 628 3292 gratia
651 3239 755 3294 niagno
778 3224 828 3278 tui.

150 3314 310 3386 1110110110
333 3332 386 3386 per
408 3315 539 3384 insidiae,
565 3317 668 3387 quibus
693 3318 789 3374 omnia
811 3319 898 3389 plena
920 3319 1069 3388 rnalorum,

221 3409 298 3466 Laus
323 3414 368 3466 est
390 3427 443 3480 pro
469 3410 585 3468 Christo
609 3429 667 3468 non
689 3413 821 3469 timuisse
845 3414 927 3470 meri.

180 3503 243 3560 10111
266 3520 318 3560 0110
341 3504 525 3576 stringebant
547 3505 672 3562 Romani
695 3507 754 3563 tela
777 3507 891 3564 cinaedi

222 3597 256 3677 In
279 3603 366 3669 eaput
389 3605 419 3655 et
443 3599 540 3671 vitam,
565 3606 665 3658 sancte
687 3601 825 3670 Luthere‚
850 3607 938 3659 tuam.
