2476 4050
346 200 389 246 lx.
419 200 559 247 EOBANVS
582 202 706 247 HESSVS.

144 378 230 436 Eheu
253 378 289 435 de
313 385 420 450 quanto
443 380 567 436 culmine
590 381 673 452 lapsa
690 380 782 438 iaces!

57 492 87 533 41
104 473 196 542 Quam
218 472 384 530 libertatem
409 475 519 531 cunctis
544 474 623 544 dare,
648 475 750 543 Roma,
775 474 899 543 solebas

145 568 254 639 Aspice
277 573 314 637 te,
339 567 448 638 infelix,
474 586 558 641 quam
580 570 653 626 nihil
676 570 760 627 huius
784 569 883 627 habes

105 663 169 720 Heu
191 662 242 719 ubi
264 660 422 720 maiestas?
447 663 509 733 Quo
534 669 616 721 tanta
639 665 772 736 potentia
795 661 929 721 Romae?

146 756 248 814 Totius
272 773 325 814 arx
348 757 435 828 orbis,
461 759 605 830 quomodo
629 757 725 817 fracta
747 756 847 816 iaces?

105 851 208 909 Omnia
231 853 273 908 sie
295 857 429 923 percunt,
453 853 540 910 etiarn
565 854 725 911 celsissima
747 870 853 922 rerum,

59 965 89 1005 so
148 945 188 1002 Et
210 946 282 1003 nihil
305 952 349 1004 est
372 947 429 1004 isto
454 947 507 1005 suh
531 947 600 1006 Iove
625 965 740 1019 semper
762 948 848 1005 idem.

103 1040 197 1110 Musa,
222 1041 299 1099 redi:
324 1059 379 1113 quo
403 1047 432 1098 te
455 1043 527 1099 iacis
551 1043 628 1100 ultra
651 1047 754 1114 saepta
776 1059 829 1114 per
852 1043 924 1099 istas

148 1134 208 1192 Ceu
231 1153 334 1207 vepres
358 1136 483 1208 quodam
506 1143 590 1195 sueta
612 1136 712 1194 furore
735 1134 820 1209 rapi?

103 1229 227 1287 Tantum
249 1231 307 1288 iter
329 1247 365 1288 ex
388 1231 483 1291 animo
507 1231 560 1288 tihi
583 1232 715 1304 gratulor
737 1231 817 1300 illud,
843 1232 924 1299 Iona,

146 1323 201 1382 Est
224 1325 300 1397 quod
322 1326 472 1397 praecipui
495 1327 619 1383 nominis
644 1327 712 1383 inde
735 1327 850 1395 trahas3

60 1438 89 1479 55
104 1419 219 1477 Forsan
241 1425 273 1476 ut
296 1419 451 1489 obtrectet,
475 1421 551 1477 sicut
574 1421 649 1478 solet
672 1421 777 1491 omnia,
802 1421 884 1488 hvor,

148 1513 233 1570 Hunc
256 1520 287 1570 tu
310 1514 478 1571 iamdudum
502 1531 639 1586 spernere
663 1516 767 1572 doctus
791 1532 865 1572 eras.

104 1609 174 1678 Quis
198 1609 313 1681 sapiens
337 1626 440 1666 corvos
463 1609 566 1666 timeat
591 1610 735 1667 crocitare
758 1609 907 1676 molestos,

146 1703 222 1760 Dum
245 1705 323 1776 quod
346 1700 706 1776 delectet'progrcdiatur
728 1700 805 1760 iter?

105 1798 188 1854 Dura
210 1798 266 1855 sibi
288 1797 390 1856 infelix
411 1804 444 1855 ut
466 1800 579 1871 ruperit
602 1799 652 1855 iha
675 1804 786 1868 venter,

60 1912 90 1953 co
149 1892 313 1950 Ridendum
335 1894 399 1966 plus
423 1910 508 1965 quam
532 1894 609 1965 quod
632 1894 776 1951 movearis
800 1893 865 1950 erit.

105 1987 181 2045 Nam
204 1988 275 2044 satis
298 1989 328 2044 in
351 2005 461 2060 poenas
483 1991 546 2060 ipse
570 1994 615 2045 est
638 1988 693 2045 sibi
718 2005 804 2060 seque
829 1987 954 2045 dolendo

148 2082 253 2139 Evirat
276 2088 305 2140 et
328 2083 382 2140 soli
407 2082 574 2141 carnificina
599 2083 655 2140 sibi
679 2087 732 2151 est,

106 2176 162 2247 Qui
185 2178 320 2250 quoniam
343 2179 418 2235 male
442 2194 556 2249 semper
578 2178 646 2249 agit,
675 2176 750 2249 fugit
773 2193 862 2234 aurea
886 2177 955 2233 solis

147 2272 271 2330 Lumina
294 2278 324 2334 et
345 2273 375 2328 in
398 2273 527 2352 tenebris
551 2272 672 2330 sordida
698 2272 777 2344 talpa
800 2272 885 2341 iacet,

61 2366 146 2427 15111
168 2367 303 2440 quoniam
325 2368 422 2439 placet
444 2367 500 2424 hoc
523 2368 600 2424 vitae
624 2384 724 2439 genus,
748 2367 894 2438 imprecor
915 2366 981 2435 illis,

149 2461 234 2530 Quod
255 2480 331 2519 nunc
354 2467 422 2519 sunt
443 2463 550 2531 miseri,
576 2479 691 2534 semper
712 2462 744 2519 id
767 2478 831 2519 esse
855 2466 971 2534 queant.

105 2557 149 2613 Tu
172 2573 241 2614 vero
264 2557 342 2613 nullo
366 2557 492 2615 invidiae
515 2556 632 2629 perfuse
655 2573 776 2626 veneno,

148 2651 216 2708 Non
238 2669 363 2723 unquam
386 2653 485 2710 miseri
508 2651 645 2708 sordibus
669 2656 734 2709 acte
756 2651 838 2719 lucri,

107 2745 192 2804 Clare
215 2746 299 2804 bonis
322 2747 420 2815 animi,
444 2747 552 2818 hugus,
575 2747 686 2816 pietate
709 2744 834 2816 fideque,

63 2859 91 2902 11
151 2840 236 2911 Quod
257 2840 340 2911 facis,
364 2846 397 2898 ut
418 2840 510 2898 facias
534 2857 621 2911 saepe
646 2840 761 2911 diuque,
785 2855 906 2911 precor,

106 2936 176 3007 Quis
201 2953 254 3009 ego
277 2953 331 2993 nec
353 2936 413 2994 vidi
435 2935 556 2993 meliora
578 2935 698 3006 negotia
720 2933 800 2991 factu

149 3031 211 3089 Nec
234 3047 307 3103 quae
331 3036 362 3086 tu
385 3031 480 3101 possis
504 3036 554 3087 aut
576 3031 657 3101 prius
680 3034 731 3086 aut
753 3028 864 3085 melius

106 3126 232 3184 Tantum
255 3134 319 3182 erat
341 3125 459 3182 adserto
484 3125 644 3181 Martinum
666 3110 782 3201 11111111
807 3122 933 3193 Christe,

146 3221 191 3278 Te
215 3220 326 3278 socium
349 3220 421 3276 tanti
445 3220 572 3276 muneris
597 3236 670 3276 esse.
706 3217 791 3276 Vale!

108 3704 148 3737 Lot·
159 3704 340 3738 thtteraurdeuhm,
352 3702 370 3735 1.
