2476 4050
411 195 441 239 11.
464 195 594 240 laeossvs
615 194 776 240 MICYLLVS.

206 371 340 442 Impositi
362 372 434 442 ripis
457 372 671 442 praetereuntis
695 387 800 443 aquae3

106 465 271 524 2001121210
293 465 443 537 longinqui
464 466 613 537 perierunt
637 466 778 537 temporis
801 482 865 533 usu,

207 559 248 615 Et
269 561 343 632 tegit
365 560 498 632 ingentes
520 566 605 618 vasta
628 561 712 617 ruina
735 559 846 616 domos.

165 653 228 711 Tali
250 655 339 725 igitur
360 655 464 726 patria,
489 655 542 712 tali
565 671 678 728 quoque
702 655 793 726 stirpe
817 659 925 722 creata,

207 747 343 821 Quaeque
367 750 452 806 decet
475 755 571 807 castas
594 750 730 821 praedita
754 749 822 806 dote
846 764 935 804 nurus

165 842 315 900 Debueras
339 844 436 916 aliqua
460 861 581 915 superos
604 845 650 901 vel
672 850 755 916 parte
779 859 904 912 movere,
977 866 979 871 ·

107 955 150 996 210
206 936 358 995 Debuerat
379 939 471 995 virtus
496 945 616 1010 tangere
638 938 701 996 fota
724 943 782 995 tua.

165 1030 223 1088 Sed
245 1048 338 1104 neque
360 1032 423 1090 fata
445 1039 562 1091 movent
587 1034 735 1090 bominum
757 1029 920 1099 benefacta,
949 1046 1003 1086 nee
1024 1028 1083 1085 ulla

207 1126 379 1183 Flectuntur
401 1134 503 1184 nostra
526 1133 648 1198 pectora
671 1128 745 1184 dura
766 1142 868 1198 prece3

165 1220 274 1292 illaque
298 1239 361 1278 sors
384 1221 509 1293 placidis
533 1239 649 1294 semper
671 1226 770 1279 manet
792 1221 894 1278 addita
916 1218 1013 1286 rebus,

208 1315 271 1384 Qua
293 1317 386 1387 prima
408 1317 557 1374 intereunt
580 1319 691 1389 optima
713 1332 843 1388 quaeque
867 1315 928 1372 die:

107 1427 150 1468 210
166 1408 213 1466 Sic
236 1427 312 1479 rosa,
341 1411 383 1468 sic
405 1412 500 1469 violae
523 1412 618 1483 prima
639 1411 804 1468 moriuntur
825 1411 855 1467 in
878 1409 979 1477 herbo,

208 1505 340 1562 Candida
356 1523 415 1564 >nec
438 1511 500 1563 toto
524 1507 585 1563 lilia
607 1523 706 1564 mense
728 1506 836 1576 nitent3

165 1602 204 1656 At
229 1605 331 1657 eontra
354 1599 453 1656 tribub
477 1606 507 1657 et
528 1601 603 1657 111012
627 1601 716 1657 noxia
738 1600 869 1671 gramina
893 1599 993 1669 spinae

209 1693 271 1751 Nec
293 1699 426 1750 metuunt
448 1698 550 1750 ventos
573 1711 627 1751 nec
649 1695 715 1751 nive
738 1698 818 1750 tacta
842 1693 957 1750 cadunt.

168 1788 328 1858 Pasiphaes
351 1805 436 1845 nemo
459 1789 536 1845 21102
561 1789 712 1846 desiderat
734 1805 834 1857 annea,

17 1955 20 1961 ¹
109 1903 152 1944 220
209 1883 302 1940 Nemo
325 1882 468 1940 Hecates:
492 1882 554 1941 fato
579 1889 684 1941 neutra
706 1888 857 1955 perempta
879 1881 960 1938 brevi
984 1885 1042 1952 est;
1131 1941 1137 1951 ,

167 1980 207 2035 At
229 1978 306 2034 iacet
328 1978 455 2035 Alcestis
479 1995 532 2050 pro
557 1979 680 2050 coniuge
703 1982 819 2035 mortua
841 1978 916 2046 2120,

210 2072 337 2144 Cumque
361 2089 413 2129 suo
437 2072 544 2130 cecidit
567 2073 730 2130 Laodamia
752 2072 825 2130 2110.

166 2168 246 2239 Ergo
270 2167 373 2224 eadem
394 2167 503 2224 nostris
526 2184 590 2224 sors
614 2167 713 2224 invida
735 2172 764 2223 te
787 2183 900 2238 quoque
923 2165 1010 2223 rebus

211 2261 349 2330 Abstulit,
375 2266 403 2318 et
427 2261 523 2318 subito
547 2260 650 2319 funere
672 2278 769 2319 mersa
791 2262 878 2330 iaces

109 2357 336 2428 modulateque
360 2360 423 2413 tota
445 2356 561 2428 quidem
583 2357 661 2414 vitae
684 2356 729 2413 bis
753 2361 892 2429 quattuor
915 2361 998 2414 actae

208 2452 361 2523 Ruperunt
383 2451 495 2508 medios
518 2452 611 2509 lustra
634 2457 754 2523 repente
778 2452 849 2519 dies,

167 2547 309 2618 Tempore
336 2563 392 2617 quo
416 2547 520 2604 melior
540 2545 627 2604 fessis
650 2547 708 2604 iam
731 2545 873 2603 matribus
896 2552 977 2603 aetas

210 2641 333 2712 tltiaque
356 2646 482 2713 apertu
505 2658 572 2699 sera
593 2642 693 2699 2211112
717 2641 820 2698 solent.

167 2736 229 2793 Nec
250 2736 334 2793 licuit
357 2752 457 2792 cursus
482 2737 546 2793 aevi
569 2740 703 2806 spectare
727 2740 841 2792 tuorum

109 2850 152 2891 200
210 2831 272 2887 Nee
295 2830 351 2886 sibi
374 2830 452 2902 quod
474 2831 551 2887 vitae
575 2831 695 2902 quisque
718 2835 853 2901 parasset
876 2830 941 2898 iter,

167 2925 234 2981 Non
257 2930 373 2982 teneras
396 2930 508 2996 neptes,
533 2941 592 2981 non
613 2925 737 2996 pignora
761 2940 829 2981 cara
851 2929 999 2995 nepotum,

211 3019 348 3090 Quaeque
372 3018 467 3076 solent
490 3020 611 3076 comites
634 3019 776 3076 matribus
799 3019 842 3076 ire
865 3035 968 3075 nurus:

168 3115 271 3180 Omnia
294 3130 368 3187 quae
390 3114 494 3186 longae
518 3114 628 3172 solacia
651 3131 720 3172 cara
743 3118 878 3171 senectae

210 3210 306 3281 Atque
330 3208 419 3266 animi
442 3207 588 3281 quondam
613 3226 682 3267 cura
704 3207 804 3266 lutura
826 3209 877 3266 tui.

110 3322 152 3362 200
168 3303 233 3360 Ηο11
255 3303 330 3360 male
354 3321 417 3361 eum
440 3309 526 3375 rapta
547 3321 626 3361 mors
650 3303 771 3361 abstulit
793 3304 891 3361 invida
914 3305 975 3360 vita

211 3397 308 3469 Teque
332 3403 377 3454 tot
400 3398 516 3455 orbavit
538 3398 626 3456 rebus
649 3399 749 3471 iniqua
770 3397 870 3455 bonis!

169 3492 307 3549 Forsitan
330 3496 359 3548 21
381 3498 497 3550 nostras
520 3492 576 3550 luis
599 3494 664 3565 ipsa
685 3492 849 3549 miserrima
872 3509 990 3563 poenas

212 3586 252 3643 Et
274 3602 402 3644 mersere
425 3591 513 3658 eaput
536 3588 657 3645 crimina
679 3592 781 3645 nostra
804 3593 893 3643 tuum.
