2476 4050
144 185 203 243 100
449 195 490 238 ur.
519 193 661 239 nvnrorvs
684 194 811 240 connvs.

182 372 282 430 Turba
304 370 419 445 quidem
443 376 473 428 et
495 371 580 427 tincti
603 370 700 427 divino
724 371 880 429 chrismate
903 378 1013 445 patres

140 487 167 528 on
180 467 259 537 Quos
285 468 363 524 omni
385 465 491 524 obnixe
515 464 653 524 debemus
676 465 788 523 honore
812 468 907 524 vereri

182 563 222 620 Et
245 562 348 634 quibus
372 561 555 632 omnipotens
577 559 664 616 iussit
685 577 790 632 parere
812 562 957 620 voluntas,

522 697 727 769 Polyphemus,

181 805 252 875 Quis
275 809 373 860 tamen
394 802 534 874 insipiens
558 801 632 859 adeo
658 801 728 859 deus
752 801 841 874 eligat
863 801 958 860 istos?
982 837 1024 846 -

180 899 238 958 Sed
261 904 355 965 tace0,
380 897 456 953 volui
480 912 634 968 perversos
658 897 755 954 dicere
778 914 914 970 nequam3

181 995 221 1051 Et
244 993 313 1066 quid
336 993 361 1049 si
385 988 499 1049 dicam?
535 990 651 1062 Stygias
674 1009 742 1048 num
765 992 869 1050 tradar
889 993 921 1050 in
942 993 1058 1053 undas?

562 1128 683 1200 Sylvius,

138 1255 166 1295 (ro
182 1235 295 1293 Insanis
319 1234 505 1306 Polypheme,
530 1239 604 1299 tace,
628 1233 674 1290 vel
696 1233 813 1304 parcius
836 1235 886 1291 illa

179 1331 255 1388 Fare
278 1329 384 1386 necin
406 1329 499 1385 iustos
523 1327 599 1383 mala
623 1328 670 1384 dic
694 1329 824 1386 convicia
848 1329 930 1387 divos

179 1424 219 1481 Et
242 1423 319 1496 quod
342 1439 501 1496 paucorum
524 1422 617 1478 scelus
641 1426 694 1492 est,
719 1440 777 1480 non
800 1423 883 1481 obice
907 1425 1034 1482 cunctis!

521 1549 723 1630 Polyphemus.

177 1664 241 1722 Vna
264 1679 363 1721 omnes
387 1679 502 1734 semper
524 1668 666 1720 vexantur
687 1662 769 1720 febre
794 1665 932 1735 capellae.

560 1790 681 1862 Sylvius.

176 1895 243 1953 Non
266 1895 359 1951 nvinns
383 1912 400 1951 a
424 1911 534 1951 summo
559 1910 698 1950 concessa
722 1900 841 1951 tonante
864 1901 997 1968 potestas

131 2009 159 2049 oo
174 1990 214 2046 Vt
235 1989 307 2047 libet
329 1988 497 2046 aethereum
521 2005 653 2045 reserare
677 1994 706 2072 ot
729 1989 864 2047 claudere
887 1991 983 2050 limen.

512 2119 714 2192 Polyphemus.

170 2224 316 2281 Nonnisi
338 2222 461 2281 furtivos
484 2223 613 2281 habeant
634 2240 687 2295 pro
712 2223 839 2281 clavibus
862 2241 953 2283 uncos

174 2318 387 2397 Stertoriteriive
411 2324 517 2389 queant
539 2319 653 2389 postico
676 2317 777 2375 fallere
800 2318 927 2376 Petrum.

554 2445 676 2517 Sylvius.

175 2551 249 2607 Sunt
272 2549 387 2619 etenim,
412 2550 498 2618 nosti,
524 2549 571 2621 qui
594 2555 696 2607 nostra
718 2551 833 2622 piacula
856 2553 970 2610 solvunt

173 2645 214 2702 Et
237 2646 294 2718 qui,
318 2645 396 2718 quod
418 2644 510 2716 magis
534 2650 588 2711 est,
610 2644 750 2702 invictum
774 2651 803 2702 et
827 2652 931 2704 cuneta
952 2651 1105 2720 potentem

128 2759 157 2800 vo
173 2740 304 2813 Quinque
328 2740 414 2797 deum
436 2740 532 2797 verbis
557 2739 588 2814 (ο
612 2741 636 2796 si
659 2741 722 2812 quis
745 2741 815 2798 talia
837 2742 943 2816 noritl)

170 2836 204 2893 In
227 2852 312 2893 sacra
334 2835 370 2892 ab
395 2835 517 2893 excelsis
541 2834 638 2892 delabi
661 2835 765 2893 altaria
789 2841 904 2908 cogunt.

173 2929 321 2988 Candidus
344 2929 504 3001 angelicam
527 2931 611 3001 panis
634 2935 762 2986 mutatur
784 2931 814 2988 in
838 2947 943 3000 escam,

170 3024 254 3094 Quod
278 3024 398 3097 mixtum
421 3023 477 3080 fuit
499 3029 567 3080 aute
589 3041 700 3082 merum
724 3025 887 3083 dicentibus
909 3027 966 3084 illis

171 3119 222 3176 Fit
245 3135 339 3186 cruor,
365 3135 380 3175 o
403 3117 461 3176 fixo
486 3119 533 3190 qui
558 3117 666 3175 Christi
689 3125 808 3190 pectore
831 3119 923 3177 fluxit.

128 3232 155 3273 vs
172 3213 254 3271 Haec
276 3213 375 3283 utique
398 3213 428 3268 in
449 3217 580 3271 nostram
603 3218 783 3285 peraguntur
804 3231 889 3272 sacra
911 3215 1042 3287 salutem,

171 3309 211 3365 Vt
232 3309 281 3380 pin
304 3305 463 3377 respiciant
485 3294 639 3364 humanam
662 3308 780 3365 numina
802 3315 920 3382 sortem,

172 3404 218 3461 Ne
241 3407 343 3460 tenera
367 3401 502 3458 occidant
524 3402 638 3473 gelidae
660 3403 758 3460 vineta
780 3405 911 3476 pruinae,

168 3499 214 3556 Ne
236 3498 351 3571 pulsata
373 3497 456 3569 gravi
478 3497 599 3561 denutet
622 3497 762 3568 grand-ine
782 3501 895 3565 messis,

168 3593 213 3651 No
236 3593 320 3666 lupus
343 3590 641 3662 incur1·at‚;·malauo
665 3609 753 3664 pecus
776 3595 875 3653 ulcera
900 3600 1023 3654 tentent.
