2476 4050
271 210 292 254 1.
315 209 468 256 GEORGIVS
490 211 597 257 Loevs
642 212 796 258 GEORGIVS
818 211 954 259 SABINVS.

171 387 229 441 Ast
253 402 315 457 ego,
342 403 404 442 oum
428 392 525 444 tantos
548 406 607 445 non
628 390 738 460 possim
760 387 837 447 ferre
861 389 977 447 dolores

213 479 254 535 Et
278 480 340 536 sine
364 484 392 536 te
416 482 483 552 quia
507 489 572 539 sunt
596 485 694 540 omnia
717 485 824 541 acerba
846 484 926 552 mihi,

129 591 157 632 aa
174 573 246 630 Cum
268 575 392 645 primum
415 593 466 633 ver
487 594 663 648 purpureum
685 578 759 635 bene
784 578 928 636 olentibus
951 578 1050 636 herbis

215 668 358 725 Suavibus
382 675 410 726 et
433 671 533 742 pinget
554 671 661 729 florida
683 678 769 744 prata
792 675 876 742 rosis,

172 763 210 818 Et
233 763 337 819 studiis
360 765 487 822 meditor
508 765 651 839 finemque
674 769 824 839 imponere
848 769 925 825 euris

213 857 304 929 Inque
327 863 393 915 tnos
416 861 501 916 velox
524 862 587 932 ipse
610 863 706 919 redire
731 864 819 918 sinus,

170 951 297 1021 Interea,
323 954 438 1024 quando
463 956 504 1011 sie
527 957 616 1027 impia
638 955 700 1013 fata
723 958 859 1026 tulerunt,

215 1045 304 1103 Casta
327 1049 390 1104 vale
414 1055 444 1106 et
466 1051 560 1106 nostri
583 1052 645 1108 vive
669 1052 799 1123 Lycinna
821 1050 945 1108 memor!

415 1504 611 1561 GEORGIVS
636 1503 809 1560 SABINVS.

334 1659 462 1728 Elegia
485 1657 527 1714 ad
550 1657 690 1713 Petrum
713 1655 888 1714 Bembum.

172 1796 265 1852 Missa
289 1796 447 1852 salutatum
469 1795 561 1866 longis
586 1800 615 1850 te
638 1794 717 1850 venit
740 1793 775 1850 ab
800 1794 858 1850 oris

215 1890 328 1947 Littera
351 1890 492 1947 sermonis
515 1890 625 1963 nuntia,
649 1888 767 1958 Bembe‚
793 1889 849 1945 mei

171 1986 256 2054 Hine,
283 1985 364 2042 dnois
388 1985 512 2041 Arminii
535 1990 649 2041 veteres
672 1983 722 2041 ubi
745 1983 878 2054 possidet
899 1982 987 2041 urbes

213 2078 346 2151 Lataque
370 2080 528 2150 septemvir
549 2079 679 2136 marchio
703 2095 794 2150 regna
816 2082 897 2135 tenet

143 2173 277 2232 aFlavus
301 2178 331 2229 et
353 2190 423 2229 arva
446 2178 527 2230 seoat
542 2173 659 2230 'Saevus
683 2173 836 2245 densisque
859 2173 1004 2244 palustres

215 2267 313 2324 Volrit
336 2268 526 2325 arundinibus
550 2268 652 2325 oreber
674 2268 802 2325 Havelus
826 2284 924 2339 aquas.

172 2361 194 2418 Ο
218 2362 329 2418 utinam
353 2362 456 2420 dextro
480 2363 617 2420 Tithonia
640 2363 737 2420 sidere
760 2363 885 2420 coniunx

212 2456 297 2513 Hnno
320 2457 391 2514 mihi
413 2457 528 2514 felicem
550 2456 683 2529 proferat
706 2462 771 2515 orta
795 2457 880 2525 diem,

171 2550 306 2608 Venturis
330 2553 436 2609 iterum
459 2569 515 2624 quo
538 2559 567 2609 te
591 2553 681 2609 semel
703 2553 845 2623 adloquar
867 2551 950 2608 annis

130 2664 157 2704 1o
213 2647 257 2702 Ao
281 2652 332 2703 tna
355 2648 533 2718 conspiciam
555 2648 681 2704 vultibus
706 2664 758 2704 ora
780 2647 862 2714 meis,

170 2740 244 2797 Nam
268 2747 318 2797 tua
341 2742 456 2813 quando
479 2742 550 2798 mihi
573 2742 652 2798 subit
675 2740 808 2799 officiosa
831 2741 964 2797 voluntas

212 2834 415 2892 immemorem
438 2853 582 2906 nunquam
605 2852 651 2892 mo
676 2837 745 2892 sinit
767 2852 831 2892 esse
855 2835 905 2890 tui.

171 2928 219 2985 Me
241 2927 333 2985 fueris
357 2934 464 3000 quanto
489 2931 656 3001 complexus
680 2947 778 2987 amore
801 2929 950 2996 recordor,

212 3021 289 3078 Dum
312 3028 378 3079 tuus
402 3024 432 3079 in
455 3024 557 3081 Patavi
579 3023 731 3080 moenibus
754 3025 860 3096 hospes
884 3040 973 3080 eram,

127 3129 154 3175 rs
170 3115 263 3188 Saepe
287 3117 340 3174 snb
365 3117 463 3175 efficta
486 3119 666 3190 contemplor
688 3119 814 3191 imagine
837 3119 941 3187 vuitus,

213 3211 269 3267 Est
292 3229 393 3269 manus
417 3212 538 3270 artificis
562 3230 633 3285 qnos
657 3214 779 3283 imitata,
805 3219 885 3284 tuos3

171 3304 233 3360 Hos
258 3323 311 3377 ego
334 3313 431 3364 mente
455 3309 552 3364 colens
576 3308 726 3380 amplexor
749 3314 782 3364 ut
803 3308 962 3365 Haemonis
987 3309 1075 3365 olim-

215 3397 354 3472 Coniugis
378 3401 504 3473 effigiem
526 3401 690 3460 Laodamia
714 3404 766 3472 sui,

171 3492 224 3549 His
249 3510 303 3565 ego
326 3495 468 3565 pallentes
491 3497 616 3553 hederas
639 3495 799 3569 ssoremque
822 3497 927 3554 marini

127 3604 156 3646 ao
214 3586 302 3645 Roris
328 3593 359 3646 et
381 3607 396 3647 e
419 3591 499 3648 molli
521 3590 646 3648 baccare
670 3596 749 3648 serta
772 3590 845 3649 fero.

1084 202 1101 258 7
