2476 4050
452 205 493 248 ix.
524 201 659 247 colunes
681 201 787 247 usion.
1053 193 1109 249 117

223 380 340 438 Laudat
362 386 392 437 et
414 379 445 435 in
467 396 547 436 ramo
571 383 655 451 grata
677 379 788 436 virente
811 379 913 436 Deum.

180 474 275 546 thue
298 475 424 532 animum
447 474 544 546 coepit
567 475 645 531 vocis
669 473 794 530 mulcere
819 479 962 542 venustas

223 570 318 627 Miror
340 575 370 626 et
392 575 511 641 argutos
535 572 565 625 et
588 569 649 625 sine
672 568 738 625 felle
761 584 862 640 sonos;

178 664 226 721 En
249 664 402 736 strepitum
424 669 519 720 rostro
543 669 643 735 turpes
665 662 761 720 fecere
784 661 925 731 volucres

136 778 163 820 10
221 759 262 816 Et
283 759 464 817 stomachum
486 758 576 815 movit
599 758 722 814 stridula
744 756 831 814 turba
852 773 962 827 meum3

179 854 263 911 Hanc
285 871 374 926 vagus
397 852 518 910 infestat
541 853 657 909 cuculus
681 852 838 910 certamine
861 852 976 923 linguae

221 949 357 1006 Fundens
382 948 481 1004 deliris
504 945 629 1004 flaccida
651 947 741 1004 verba
763 947 869 1017 modis3

179 1043 273 1101 Huius
296 1059 398 1115 spuma
421 1043 496 1117 solet
517 1059 622 1100 raucas
646 1059 785 1114 generare
809 1040 934 1109 cicadas

222 1137 294 1195 Cum
316 1137 387 1195 lolia
408 1137 563 1194 immundis
586 1137 689 1208 polluit
710 1137 773 1209 ipse
796 1137 881 1193 notis.
937 1122 941 1126 ’

136 1233 277 1304 151ungit
300 1249 330 1290 se
354 1232 489 1290 comitem
513 1232 648 1288 stridenti
672 1231 799 1288 carmine
822 1231 923 1303 gallus,

220 1326 378 1384 Turbatrix
399 1326 532 1399 placidae
555 1343 659 1399 nempe
682 1327 787 1398 quietis
811 1327 882 1395 avis

177 1422 218 1479 Et
239 1422 341 1493 procul
362 1421 518 1479 innocuum
540 1422 642 1493 pennis
666 1438 696 1478 se
720 1421 796 1478 tollit
818 1421 849 1477 in
870 1420 993 1489 hostem,

219 1517 349 1588 Arteque
373 1533 437 1573 cum
459 1523 592 1588 nequeat,
616 1515 713 1573 Marte
736 1531 842 1573 nocere
866 1514 954 1586 cupit.

178 1611 253 1668 Hinc
275 1610 423 1667 immunda
446 1627 513 1666 suas
536 1626 649 1682 quoque
673 1612 800 1667 conserit
822 1628 919 1682 upupa
943 1613 1026 1681 vires

133 1725 163 1766 20
220 1705 325 1777 Vpupa
348 1705 527 1762 stercoribus
551 1721 666 1775 semper
688 1704 780 1762 odora
803 1706 873 1762 suis.

178 1800 252 1857 Hinc
275 1800 386 1858 merula
407 1800 530 1871 impellit
553 1799 662 1856 calidas
685 1799 715 1856 in
737 1800 831 1872 iurgia
854 1805 964 1857 mentes

221 1895 344 1952 Pectore
366 1894 451 1966 nigra
473 1911 535 1963 suo,
559 1910 631 1952 voce
654 1893 780 1966 superba
803 1912 863 1953 sua.

176 1990 220 2047 Tu
242 2005 355 2062 quoque
377 2005 449 2046 voce
471 1988 570 2046 furens
595 1988 760 2060 clangorem
783 1990 882 2060 mittis,
906 2008 1007 2062 osyna,

221 2083 342 2141 Consita
364 2100 437 2155 quae
460 2083 550 2140 multo
574 2083 654 2154 pisce
677 2081 787 2140 fluenta
810 2084 889 2141 colis.

133 2197 161 2239 aa
178 2178 268 2247 Quem
291 2178 361 2235 mihi
385 2194 451 2250 spes
473 2176 571 2234 luerat
592 2177 672 2250 pacis
696 2178 805 2235 sarcire
828 2180 950 2249 ruinam,

220 2271 341 2330 Censuit
365 2273 394 2330 in
416 2272 495 2330 rixas
518 2272 662 2344 fragmina
685 2273 757 2330 trita
779 2290 884 2331 novas:

176 2367 328 2439 Improbus
351 2367 496 2439 agricolae
520 2367 633 2425 fumoso
657 2367 757 2440 grillus
780 2369 811 2425 in
833 2374 917 2427 antro

219 2462 302 2520 Hanc
325 2479 437 2536 quoque
460 2463 596 2521 stridenti
619 2479 689 2521 voce
712 2464 830 2522 lacessit
852 2481 943 2522 avem.

174 2557 236 2616 Nec
258 2558 415 2630 philomela
438 2575 508 2616 suae
533 2557 630 2616 differt
651 2559 848 2617 modulamina
870 2559 995 2632 linguae,

130 2670 160 2713 eo
217 2652 275 2712 Sed
298 2654 410 2726 spargit
432 2653 513 2711 vario
537 2654 639 2710 nuntia
661 2653 740 2710 laeta
763 2671 844 2711 sono.

173 2748 269 2819 Atque
293 2747 417 2804 adversa
438 2747 487 2818 pio
511 2747 601 2803 vincit
622 2748 699 2804 mala
721 2748 810 2806 eorde
832 2748 963 2819 ferenda,

218 2841 302 2899 Pacis
326 2856 426 2898 amans
449 2841 533 2913 vulgo
557 2840 653 2899 iudice
677 2847 791 2914 spretus
815 2844 880 2901 erit.

174 2934 256 2992 Talia
276 2935 348 3000 ¹dum
370 2951 457 2992 cerno
481 2936 582 3008 peragi
605 2938 772 3008 spectacula
795 2943 891 3008 cantu,

215 3029 379 3103 Adloquor:
405 3030 438 3089 ‘O
462 3029 596 3100 volucris
621 3048 694 3103 quae
717 3032 787 3089 mihi
811 3033 873 3091 sola
895 3034 1001 3107 places,

129 3141 158 3186 as
174 3124 251 3194 Ques
275 3124 337 3195 tibi,
363 3141 434 3199 quas
457 3124 509 3182 tali
531 3125 654 3183 reddam
675 3143 729 3198 pro
754 3128 880 3187 carmine
903 3127 1021 3202 grates?

215 3220 242 3277 A
265 3219 368 3278 scrobe
392 3225 566 3278 conservent
590 3220 620 3276 di
643 3226 693 3278 tua
715 3222 846 3280 membra
868 3223 932 3281 diu!

173 3312 213 3370 Te
237 3330 360 3387 semper,
384 3332 450 3373 mea
472 3315 540 3384 vita,
566 3331 678 3388 sequar,
703 3316 757 3374 tibi
780 3317 843 3375 luce
867 3321 983 3377 canenti

215 3407 372 3467 Tendimus
393 3410 447 3468 has
472 3426 572 3468 aures:
598 3415 697 3468 cetera
720 3410 815 3485 turba,
838 3413 916 3472 valet

175 3501 267 3571 Quem
289 3508 340 3562 tua
361 3521 420 3562 non
443 3510 559 3576 captum
583 3504 658 3562 mira
680 3522 737 3563 vox
760 3506 872 3581 detinet
895 3513 967 3578 arte,

129 3615 157 3657 40
215 3597 291 3657 Huic
313 3599 407 3656 cuculi
429 3603 564 3657 numeret
588 3604 721 3671 tempora
743 3600 838 3674 longa·
854 3618 950 3659 sonus.
