2476 4050
427 213 466 257 vi.
494 213 650 258 MATTHIAS
672 214 814 260 ennelva

240 388 280 445 Vt
302 406 375 461 quae
399 389 505 447 damna
528 391 588 447 suis
611 391 667 447 hoc
691 391 763 448 duee
787 391 932 462 conspicit

132 501 161 542 eo
240 484 348 556 Reguis
371 485 461 541 multa
484 485 549 542 dari
571 484 699 542 vindicet
723 490 760 555 et,
785 487 864 543 velut

287 578 412 649 Serpens
436 579 522 636 dente
545 580 704 650 prementis

331 672 447 730 Caloem
470 674 590 743 sauciat,
615 675 682 731 huic
705 691 818 746 quoque

240 826 354 883 Hostile
378 827 456 884 bosti
480 828 587 897 odium,
612 844 668 899 qua
690 828 766 896 licet,
791 828 915 900 ingerat.

240 919 316 978 Hine
338 923 422 993 ponti
444 921 550 991 rabies,
575 923 642 979 hinc
664 922 761 980 Borea
783 927 880 980 truces

132 1031 161 1074 ec
289 1016 447 1088 Aspirante
470 1017 616 1088 procellae

330 1111 434 1168 Turbis
459 1112 555 1168 omnia
578 1112 722 1180 territant,

239 1264 314 1321 Dum
338 1282 438 1321 somno
462 1266 551 1321 veluti
575 1282 685 1322 mersus
709 1264 747 1322 ad
770 1265 846 1321 illius

242 1358 395 1429 Paulisper
416 1358 527 1415 rabiem
551 1376 582 1416 se
605 1364 685 1416 tenet
709 1365 738 1417 et
759 1359 848 1417 fidem

286 1453 435 1524 Tanquam
458 1470 560 1510 aurum
582 1455 648 1525 igue
673 1472 790 1511 suorum

135 1563 163 1605 to
333 1547 390 1604 Per
413 1547 555 1620 quaedam
577 1549 684 1619 probat
707 1566 819 1620 aspera.

241 1702 281 1757 At
303 1706 334 1757 tu
358 1702 435 1758 freta
458 1702 517 1773 poli
541 1720 625 1774 quem
647 1703 728 1759 vehis
752 1703 874 1760 arbitrio

240 1796 456 1868 Ventorumque
480 1797 565 1852 simul
587 1797 715 1869 Thetyos
739 1803 768 1854 el
791 1814 881 1870 vagae

283 1890 515 1962 Nimborumque
538 1892 652 1961 potenti

330 1985 417 2042 Hosti
440 1985 598 2056 imperdita
619 1986 744 2042 maximo

132 2156 160 2198 45
240 2139 366 2207 Evades,
391 2139 478 2196 modo
502 2157 561 2196 nou
582 2139 677 2196 fracta
699 2141 828 2211 periculo

238 2233 435 2305 Adversisque
460 2234 566 2290 cadens
592 2233 710 2290 deficiat
731 2233 814 2302 fides,

288 2327 491 2398 Praeceptoris
516 2333 546 2384 at
568 2329 652 2385 buius

330 2421 451 2492 Semper
473 2422 601 2492 pendeat
624 2439 659 2479 cx
683 2439 746 2494 ope.

241 2575 324 2632 Felix
346 2592 437 2646 parva
460 2576 541 2645 ratis,
566 2593 639 2648 quae
663 2577 810 2634 dominum
833 2578 928 2634 vebis!

132 2687 161 2728 uo
241 2668 333 2737 Felix,
358 2688 430 2742 quae
455 2671 572 2728 domino
597 2672 696 2728 dedita
719 2672 855 2742 pectora!

288 2765 424 2834 eramvis
448 2783 550 2837 pressa
574 2766 704 2834 subinde,

283 2904 284 2908 ,
331 2859 415 2916 Felix
438 2877 454 2916 o
479 2866 524 2917 ter
547 2866 577 2917 ct
599 2861 736 2932 amplius!
