2476 4050
443 197 485 243 IX.
514 195 656 241 EVRlClVS
679 195 807 242 cORDVS.

196 374 246 430 Nil
269 373 326 430 nisi
348 373 448 430 liventi
472 371 540 430 tune
562 373 683 430 mixtum
705 372 791 429 lacte¹
804 375 947 428 moretum

195 469 247 525 Vel
272 486 336 525 cum
359 468 518 537 rancidulo,
544 468 568 524 si
590 467 706 538 festum,
730 467 871 524 brassica.
884 464 967 522 lardo

194 563 317 620 Ponitur
340 568 391 620 aut
412 561 499 631 fissis,
523 564 548 619 si
571 563 701 620 autumni
724 568 870 634 tempora,
889 559 978 630 rapis

136 677 178 719 150
195 658 233 714 Vt
256 674 308 714 sua
331 662 400 714 tunc
422 656 550 714 habeant
571 658 720 729 plorantes
742 655 867 714 1111011110
888 653 959 723 nati,

193 753 261 810 Non
284 753 377 809 saturi
400 758 522 823 surgunt
545 770 560 810 e
583 769 684 810 mensa
706 768 794 822 saepe
816 753 963 822 parentes

193 847 256 904 Nec
277 851 384 915 manet,
409 848 539 904 esuriens
563 848 640 919 quod
663 851 765 919 posset
786 846 897 917 lingere
920 840 994 900 felis.
1065 876 1067 880 ·

151 955 153 959 ·
193 941 234 998 Et
255 942 313 998 nisi
336 958 400 999 curn
424 943 517 999 sancti
541 942 670 1013 capimus
693 938 947 1011 libaminapaniS,

192 1036 260 1094 Non
283 1035 400 1108 aliquod
422 1041 486 1093 toto
509 1036 606 1093 vinum
628 1041 777 1109 gustamus
800 1036 831 1091 in
853 1050 939 1091 anno.

105 1177 109 1183 .
135 1150 177 1191 155
194 1131 232 1188 Vt
255 1136 378 1199 taceam,
403 1131 479 1188 mala
501 1136 573 1203 quot
594 1147 648 1189 nos
671 1129 834 1188 infortunia
857 1132 1005 1186 sternunt:

191 1224 276 1281 Nunc
299 1241 406 1296 aegrae
428 1226 592 1283 moriuntur
615 1242 693 1296 oves,
717 1243 793 1282 nune
815 1223 937 1282 horrida
959 1221 1071 1297 grando

192 1319 304 1378 Sternit
326 1336 428 1391 agrum
452 1326 481 1377 01
503 1320 600 1378 scabri
622 1325 747 1392 pereunt
768 1319 901 1392 rubigine
926 1318 1020 1375 culmi.
1099 1335 1102 1338 ·

191 1413 278 1471 Nulla
301 1414 471 1472 sacerdotes
495 1415 561 1472 talis
584 1415 703 1473 fortuna
725 1416 870 1484 molestat,
994 1483 996 1487 Ι

187 1508 242 1578 Qui
266 1515 312 1566 sat
334 1509 452 1579 habent,
478 1511 516 1567 ad
538 1527 621 1582 quem
639 1516 698 1568 stet
714 1527 834 1582 eumque
856 1509 970 1584 ciconia
985 1512 1110 1566 ventum.

134 1621 176 1662 100
191 1601 288 1661 Stulta
310 1603 377 1661 ideo
401 1609 446 1660 est
468 1605 572 1682 pietas,
597 1605 674 1677 quod
696 1604 790 1662 festae
813 1604 987 1684 imponimus
1011 1619 1079 1661 arae

146 1753 149 1758 .
190 1697 230 1754 Et
253 1703 350 1755 tantas
374 1715 512 1771 augemus
537 1716 606 1771 opes
629 1700 783 1771 luxumque
810 1698 950 1780 fovemus,

190 1791 253 1862 Quo
277 1792 352 1850 male
374 1799 442 1865 post
465 1799 551 1866 egeat
572 1799 728 1866 careatque
753 1794 930 1851 domesticus
953 1810 1031 1850 usus.

190 1886 248 1945 Sed
264 1887 342 1960 quod
358 1889 409 1958 eis,
434 1888 523 1959 diaeo,
549 1890 662 1961 superis
686 1889 797 1959 damus
820 1889 877 1946 hoc
893 1905 947 1961 ego
968 1904 1112 1960 nunquam

189 1981 296 2052 Credo,
320 1984 384 2056 quis
409 1984 554 2042 excelsum
577 1989 675 2042 tantus
700 1985 849 2057 contingat
873 1983 1035 2056 Olympum,

133 2095 175 2137 105
191 2075 246 2146 Qui
270 2082 316 2134 tot
338 2077 432 2147 abest,
457 2085 534 2150 quot.
548 2097 607 2136 non
629 2081 731 2152 ingens
754 2096 808 2151 per
829 2079 920 2137 millia
942 2095 1044 2145 saxum

186 2170 348 2229 Decideret
370 2178 491 2244 septem,
516 2174 541 2230 si
565 2175 628 2246 quis
652 2174 829 2243 demitteret,
853 2175 945 2232 annis

188 2265 245 2323 Hie
268 2268 361 2328 saturi
385 2267 540 2326 ambrosiis
563 2269 655 2342 epulis
680 2274 710 2326 et
731 2275 850 2327 nectare
875 2269 933 2326 divi
956 2338 957 2342 Ἰ

193 2351 361 2433 Omnigenis
385 2380 500 2435 semper
521 2381 576 2435 pro
599 2369 667 2422 voto
691 2364 778 2422 rebus
802 2364 953 2422 abundant

188 2455 250 2513 Nec
274 2456 352 2528 quod
374 2462 476 2521 nostra
493 2459 594 2516 volunt
617 2460 769 2532 quicquam
792 2459 848 2517 sibi
872 2459 961 2517 donet
984 2464 1109 2531 egestas.

557 2622 681 2694 Sylvius

130 2747 172 2790 110
188 2730 255 2788 Non
278 2731 394 2804 impune
417 2732 473 2790 fuit
497 2735 630 2806 cuiquam
653 2740 839 2793 contemnere
864 2736 956 2804 divos,

187 2823 266 2894 Quos
291 2832 401 2884 certum
425 2833 470 2884 001
494 2828 582 2886 etiam
604 2830 718 2887 tantillo
742 2847 861 2888 munere
887 2828 976 2900 flecti,
1017 2877 1019 2879 ,

96 2908 102 2917 ’
186 2919 282 2978 Μο110
304 2923 459 2979 vetustatis
482 2929 605 2995 possunt
629 2925 762 2997 exempla
785 2926 901 2992 docere,

189 3014 270 3084 Quae
295 3017 429 3088 quotiens
452 3017 559 3075 festum
583 3024 629 3076 est
650 3037 704 3076 nos
726 3021 814 3091 plena
829 3021 963 3079 audimus
979 3023 1010 3080 in
1025 3022 1108 3081 aedo.

185 3110 248 3167 Nec
271 3115 403 3168 nostrum
427 3113 530 3170 eredas
554 3114 705 3172 mendacia
729 3115 827 3172 dicere
850 3109 960 3174 Ianum.
1005 3110 1007 3115 ’

127 3221 168 3263 115
184 3203 239 3273 Qui
263 3207 430 3264 veneranda
452 3206 550 3265 ferunt
572 3211 687 3267 areanis
711 3227 796 3268 sacra
814 3210 942 3282 locellis,

186 3297 292 3356 Omnes
315 3301 384 3358 huic
406 3307 497 3360 testes
520 3304 604 3377 plura
628 3310 657 3362 et
680 3306 792 3362 maiora
814 3306 984 3379 loquuntur:

184 3393 287 3452 Nonne
311 3396 392 3453 vides
415 3398 446 3454 10
468 3415 552 3470 quem
577 3400 703 3458 demissa
727 3402 861 3459 catenula
883 3401 995 3460 fontem

182 3488 223 3545 Et
246 3507 318 3561 quos
342 3493 498 3564 contigerit
521 3511 670 3552 sacrorum
695 3495 800 3575 cistula
820 3513 910 3568 panes

183 3581 300 3641 Servari
324 3590 353 3642 01
376 3586 481 3644 multos
506 3587 611 3646 durare
633 3586 808 3660 perenniter
825 3606 916 3648 annos
