2476 4050
300 209 330 254 11.
358 210 565 256 SEBAsmnvs
586 192 794 263 SCHEFFERVS.

265 385 374 458 Pergus
398 389 568 447 verberibus
591 409 679 450 saeva
701 395 825 452 viriliter

205 479 305 538 Saevis
328 482 437 541 addere
461 484 597 542 verbera:

263 577 426 635 Humanam
449 580 587 650 invenies,
612 598 648 639 ne
672 583 781 654 dubita,
806 590 912 643 cutem.

203 671 293 741 Tunc,
316 678 385 730 tunc
407 691 455 731 ros
479 675 535 732 erit
556 677 587 733 in
610 677 685 734 vado

264 767 373 836 Omnis,
397 769 603 844 victorovans
627 776 694 830 tuno
717 774 903 832 vocitaberis.

202 861 278 919 Nam
301 863 410 920 circum
432 869 482 921 tua
504 864 632 922 brachiis

263 957 354 1014 Nonis
377 958 460 1027 colla,
485 977 574 1017 novas
598 961 755 1020 blanditias
779 964 862 1021 (labit

204 1051 336 1109 Coniunx
359 1059 389 1110 et
411 1055 524 1111 veniam
546 1061 628 1127 petet

262 1148 364 1205 Carnis
389 1165 457 1205 cara
479 1154 561 1206 tuae:
587 1151 646 1208 ‘Me
669 1152 780 1210 sociam
802 1155 860 1211 tori

202 1244 245 1300 Mi
268 1244 319 1312 uir,
346 1243 445 1300 desine
468 1244 581 1301 viscera

262 1338 365 1395 Vltrici
388 1339 504 1410 gravius
527 1338 655 1410 plectere
679 1340 810 1399 dextera.

203 1433 335 1502 Peccavi‚
360 1432 465 1501 fatcor,
489 1449 583 1489 meam

260 1528 399 1596 Mentem,
423 1544 486 1599 pro,
510 1527 663 1584 iuvenilem
687 1535 717 1586 et
738 1529 854 1588 facilem
877 1536 972 1606 sequi.

202 1622 256 1679 His
279 1623 419 1679 instruxit
442 1622 566 1679 anilibus

260 1718 362 1788 Nuper
385 1717 522 1786 consiliis,
547 1718 705 1788 nequitiam
729 1718 814 1776 [locet

201 1814 281 1881 Qtrae
304 1816 418 1883 nupt-as,
443 1811 540 1868 vetula
561 1811 703 1882 improba,

261 1906 300 1961 Vt
323 1905 471 1962 contraria
494 1922 609 1976 semper
632 1905 684 1962 tibi
707 1907 833 1964 viverem

201 2000 242 2057 Et
264 2017 372 2057 vesana
393 1998 570 2056 lacesserem

262 2095 346 2152 Omni
370 2094 507 2152 continuo
531 2094 581 2150 lito
604 2096 762 2166 negotium.

201 2191 262 2248 Noc
286 2191 378 2247 solum
400 2188 498 2246 fateor
521 2189 623 2258 scelus

260 2285 368 2341 Verum
391 2301 436 2340 me
460 2284 578 2340 sceleris
600 2285 731 2356 paenitet
754 2289 783 2341 ct
804 2285 903 2356 pudet.

203 2379 330 2436 Post-bac
352 2378 493 2449 polliceor
515 2376 602 2435 fidem

263 2473 451 2530 Constantem
473 2473 588 2544 patiens
612 2471 767 2530 etfaciam
791 2474 896 2543 omnia,

202 2568 282 2638 Quae
305 2572 345 2637 lu,
370 2567 419 2623 lux
441 2583 514 2635 moa,
538 2568 670 2638 postulas

261 2662 301 2720 Et
324 2678 396 2734 (luae
421 2661 600 2719 connubialis
624 2663 718 2733 pietas
741 2661 832 2719 iubet.

202 2758 354 2830 Nunquam
377 2756 526 2815 daemonis
550 2756 667 2813 adsecla

261 2853 387 2910 Seducat
410 2851 519 2923 Stygiis
542 2867 587 2907 me
611 2850 728 2907 monitis
751 2867 831 2907 anus.

202 2949 242 3005 'l'o
266 2948 359 3005 solum
382 2946 529 3003 (lominum
553 2943 654 3012 colam,

260 3043 301 3100 To
325 3042 417 3099 solum
439 3039 613 3096 monitorem
637 3037 740 3109 curticle
764 3038 890 3094 audiam.

202 3139 283 3195 llanc
307 3153 424 3193 causum
447 3133 534 3191 mollo
558 3133 656 3189 curiae

195 3293 199 3301 ,
259 3232 326 3289 Non
349 3231 387 3288 ad
409 3229 556 3297 iudicium,
582 3227 634 3284 sed
658 3242 790 3283 carnerao
813 3242 920 3297 precor

199 3325 299 3387 Dolor.
323 3341 445 3397 namquo
469 3340 541 3395 opus
565 3327 611 3379 cst.
633 3321 673 3377 ibi

262 3421 385 3492 Ingenti,
410 3418 514 3476 rabula
537 3422 621 3483 tosto,
645 3415 769 3487 pecunia

200 3515 301 3586 longo
325 3520 355 3571 et
376 3520 518 3584 temporo,
542 3511 674 3583 protinus

260 3609 315 3666 llic
337 3609 404 3665 litos
429 3608 603 3663 dirimuntur
626 3604 687 3661 sinc
711 3600 892 3674 sunrptibus'
