2476 4050
401 199 432 242 IL
454 198 582 243 IAGOBVS
606 200 765 245 diurnata

196 373 331 444 Despiee‚
356 359 449 431 felicis
472 391 540 445 pars
563 376 650 433 niodo
673 375 752 433 faeta
770 377 859 445 chori,

95 486 138 527 aaa
154 469 198 524 Ao
221 468 274 525 tibi
298 485 371 540 quae
394 474 507 526 restant
529 471 657 528 melioris
682 472 834 528 eornnioda
856 472 933 528 vitae

197 564 333 636 Quaeque
356 570 473 621 manent
495 565 606 622 animas
629 571 762 637 ternpore
784 567 862 622 laeta
884 567 957 636 pias,

158 659 211 715 His
234 664 285 716 tua
306 660 468 729 praesentis
492 659 627 717 fortunae
652 660 758 717 darnna
779 662 907 731 repende

198 754 329 826 Fataque
351 753 496 826 legitirnos
520 759 587 812 ante
610 761 730 826 peraeta
754 756 831 813 dies!

156 848 261 904 Vixisti
283 849 394 920 patrios
418 850 495 906 int-er
516 851 627 906 nutrita
649 855 770 921 penates

98 962 141 1003 aso
199 943 357 1001 Stemmate
380 961 438 1001 non
461 944 557 1016 longo,
583 945 635 1002 sed
657 950 754 1001 tarnen
778 951 843 1002 orta
865 945 953 1013 bono,

160 1038 262 1094 Vixisti
286 1039 412 1110 propriis
437 1039 540 1110 opibus
564 1056 617 1097 nec
639 1039 726 1096 rebus
751 1057 842 1112 egena

198 1133 326 1190 Traxisti
347 1133 456 1190 famula
479 1135 588 1191 tradita
611 1151 702 1206 pensa
724 1152 820 1192 rnanu.

157 1228 264 1284 Vidisti
286 1234 380 1298 natos,
406 1230 564 1286 eommunis
586 1229 710 1300 pignora
732 1229 809 1298 lecti,

199 1323 322 1381 sensisti
346 1330 376 1381 ot
396 1330 514 1381 nostrae
539 1324 691 1381 eornmoda
715 1328 795 1381 certa
819 1325 935 1396 doinus3

98 1417 300 1476 asa'Vndeeies
323 1419 453 1491 geminos
477 1418 604 1476 thalarno
629 1420 742 1476 sociata
764 1437 817 1491 per
839 1437 938 1488 anima,

202 1513 344 1570 Vndecies
367 1531 424 1570 uno
449 1531 479 1571 es
504 1515 626 1585 coniuge
649 1513 729 1571 faeta
752 1531 866 1586 parens.

159 1609 244 1664 Nulla
268 1608 320 1664 tibi
343 1608 424 1664 labes
448 1609 574 1679 aspersit
598 1609 717 1665 erinrine
741 1610 838 1677 vitani,

201 1702 356 1759 Praeluees
379 1703 479 1773 generi
501 1719 577 1759 nune
600 1720 713 1774 quoque
735 1703 821 1759 laude
845 1707 904 1760 tuo.

161 1798 267 1855 Cetera
290 1797 314 1853 si
338 1814 393 1869 qua
416 1797 473 1854 tuis
498 1796 641 1854 debentur
662 1798 793 1868 praemia
819 1797 914 1868 factis,

101 1912 144 1953 roo
202 1892 241 1948 Vt
264 1898 331 1948 sunt
353 1893 468 1949 virtutis
490 1892 616 1964 plurima
636 1891 716 1950 facta
739 1897 815 1961 tuae,

159 1988 239 2045 Haeo
262 1987 316 2044 tibi
338 2005 406 2044 rnox
429 1988 485 2045 alio
511 1987 776 2058 compensabuntur
797 1988 827 2044 in
851 2004 931 2058 aero,

201 2083 327 2140 Pectora
350 2082 427 2153 quod
449 2082 527 2138 nulla
549 2081 615 2139 labe
638 2087 740 2138 notata
763 2083 869 2139 colunt.

159 2179 203 2234 Ae
225 2177 282 2233 nisi
304 2177 382 2233 nulla
404 2175 478 2233 fides
502 2182 600 2232 vatum
624 2181 682 2233 stet
706 2182 786 2233 certa
808 2177 938 2247 priorum

203 2271 371 2343 Fabulaque
394 2270 488 2343 Elysii
510 2287 584 2327 vana
606 2271 645 2327 sit
668 2271 761 2328 omnis
785 2273 855 2343 agri,

102 2387 145 2429 aaa
161 2369 223 2425 Iani
245 2365 350 2423 frueris
373 2382 442 2422 vero
466 2366 544 2422 uitae
567 2366 721 2437 splendore
744 2367 880 2437 perennis

203 2463 300 2534 Teque
324 2466 424 2518 tenent
447 2460 516 2518 celsi
539 2460 636 2518 lueida
660 2477 749 2533 regna
772 2462 845 2533 poli;

161 2558 224 2614 illie
247 2562 276 2613 et
298 2573 372 2628 pura
394 2556 502 2613 totiens
526 2572 610 2628 quern
633 2561 729 2614 rnente
752 2557 864 2613 vocasti

204 2651 321 2723 Aspicis
344 2650 470 2708 humana
493 2650 586 2707 libera
609 2657 688 2707 sorte
711 2651 819 2722 Deu1n3

162 2747 226 2803 Illie
250 2752 279 2803 et
300 2751 385 2803 natos
410 2751 439 2802 ot
461 2751 582 2816 pectora
606 2762 674 2802 cara
697 2750 851 2816 parentum

104 2861 146 2902 aon
212 2844 308 2913 Atque
332 2841 400 2896 oliui
422 2839 537 2897 functos
563 2856 685 2910 corpore
710 2841 803 2896 cernis
828 2856 906 2896 auos.

162 2938 257 3008 Atque
281 2936 391 2991 utinain
413 2939 530 2991 nostros
545 2934 645 2991 videas
669 2950 782 3006 quoque
797 2922 865 3005 post
879 2933 968 2992 breve
984 2935 1079 2992 uultus

205 3031 245 3087 Et
268 3029 386 3086 sedeam
407 3029 494 3086 lateri
516 3029 641 3097 iunctus,
665 3034 698 3086 ut
721 3034 797 3097 ante,
822 3029 888 3086 tuo!

162 3125 273 3196 Quique
296 3125 444 3181 horninurn
469 3141 552 3180 casus
576 3124 692 3195 genitor
715 3124 865 3195 dispensat
888 3128 918 3181 et
941 3128 1031 3194 ortuS,

206 3220 260 3277 His
284 3220 380 3291 aliqua
404 3219 510 3290 eripiat
531 3235 577 3276 ine
601 3235 712 3291 quoque
737 3223 816 3275 sorte
838 3219 936 3290 malis;

105 3334 147 3375 aas
163 3314 243 3384 Quae
267 3315 335 3371 duni
357 3313 490 3371 differtur
511 3312 580 3370 fatis
603 3314 653 3370 lux
676 3313 776 3370 debita
798 3314 916 3381 nostris

207 3408 332 3479 Spiritus
357 3413 385 3465 et
408 3408 491 3480 pigro
515 3424 638 3480 corpore
664 3409 778 3464 clausus
802 3407 899 3465 hebet.

164 3505 281 3561 Interea
303 3504 359 3560 hoe
381 3506 514 3560 nostrum
535 3503 669 3574 longaevi
692 3503 796 3574 pignus
821 3503 928 3559 auroris

206 3599 315 3669 Accipe
339 3602 369 3654 et
391 3597 520 3669 exequiis
543 3598 645 3654 ultima
668 3597 745 3655 dona
769 3597 840 3653 tuis!
