2476 4050
71 203 111 262 48
155 212 186 259 n
208 209 384 258 ulcnnauvs
400 209 527 254 ananus.
564 208 682 253 Parnes
699 209 960 257 ursosumunorvs.

264 387 341 444 Dum
365 386 497 443 dividens
520 384 619 442 alneta
642 385 781 443 Coloniae

265 482 349 538 Illum
372 480 482 538 Suevos
505 480 650 551 conspicit
673 480 827 552 hospitem,

319 574 481 633 Gaudentis
504 575 639 645 amplexu
662 575 692 630 in
712 575 826 646 puellae

320 670 425 728 Oscula
447 686 573 741 congere
595 669 655 726 icta
677 670 793 740 raptim.

267 824 330 880 Illic
352 839 491 895 sequaces
514 819 573 880 non
595 840 707 880 mernor
728 823 852 882 advocat

267 918 377 986 Museo,
403 918 511 974 amicos
534 934 588 975 nec
611 918 815 987 reminiscitur,

319 1012 397 1082 Quos
420 1011 523 1069 umbra
545 1012 628 1068 vallis
652 1012 792 1083 Pbillyrei

317 1106 438 1164 Detinet
460 1105 612 1164 haustibus
637 1110 803 1178 occupatos.

268 1261 315 1318 Da
337 1265 366 1318 te
391 1261 495 1332 cupitis
518 1261 629 1318 lusibus
653 1266 683 1318 et
706 1277 789 1318 sacro

267 1355 372 1413 Festos
395 1356 519 1412 licenter
541 1356 579 1412 da
601 1356 686 1427 genio
711 1355 783 1424 dies,

319 1450 427 1507 Tecum
448 1448 563 1506 fruatur
586 1450 718 1507 delicatis

319 1543 432 1616 Sponsa
455 1544 527 1601 iocis
552 1550 582 1602 et
605 1545 712 1601 amoris
734 1561 797 1600 usu.

267 1699 335 1755 Erit
357 1699 457 1769 petitis
480 1715 545 1755 cum
569 1697 677 1754 salibus
701 1698 801 1755 datum

269 1792 356 1861 Satis,
381 1796 512 1850 revertas
536 1793 605 1870 alite
629 1793 761 1863 dextero,

318 1887 376 1944 Ter
398 1891 457 1944 tres
482 1886 552 1943 dcas
576 1903 610 1943 ac
633 1887 781 1957 elegantes

321 1980 470 2038 Pieridum
493 1980 590 2037 socios
613 1981 748 2038 revisum.

305 2297 455 2356 PETRVS
482 2296 813 2355 LINDENBERGIVS.

387 2442 534 2500 Carmen
561 2444 732 2515 nuptiale.

361 2562 435 2620 Veni
458 2567 574 2620 creator
597 2562 733 2632 siderum,

320 2657 393 2715 Veni
416 2657 549 2729 voluptas
575 2657 737 2729 coniugum,

319 2752 419 2810 Firma
440 2753 537 2824 iugale
559 2751 713 2820 vinculum,

321 2846 420 2904 Firma
442 2846 539 2918 iugale
562 2845 709 2917 gaudium,

363 2941 402 2998 Vt
425 2946 560 2998 recreent
583 2957 613 2997 se
637 2939 769 2997 dulcibus

322 3035 427 3107 Sponsi
450 3035 519 3092 novi
542 3033 686 3091 cubilibus

320 3130 360 3186 Et
383 3145 413 3187 se
437 3130 571 3186 relaxent
593 3129 730 3187 suavibus

321 3223 425 3296 Sponsi
448 3224 516 3281 nori
540 3223 747 3295 complexibus,

364 3317 402 3375 Vt
425 3318 467 3375 sic
489 3317 589 3376 volens
612 3318 714 3375 nolens
737 3318 815 3375 idem

321 3413 407 3469 Amol
432 3413 554 3469 maritus
579 3413 739 3484 coniugem,

322 3504 454 3564 Coniunx
476 3507 612 3563 maritum
634 3506 800 3577 praesidem

320 3599 367 3657 Ad
391 3617 481 3673 usque
504 3606 683 3673 postremum
706 3600 792 3672 diem,
