2476 4050
321 190 341 235 1.
363 191 482 235 PETRVS
508 192 672 239 Lorlcnlt's
699 194 864 241 SECVNDVS.
1041 189 1075 245 17

145 366 321 424 Parrhasiae
345 364 486 443 (menum)
510 369 562 425 sub
586 371 681 427 sidero
706 371 825 437 viminis
849 373 916 441 arsi,

99 480 128 521 10
188 461 347 533 Multaque,
372 463 449 533 quod
472 464 573 520 rollum
596 482 682 535 posse
706 482 822 536 666666,
852 468 912 523 tuli.

144 556 260 614 Forsan
282 562 313 613 61
334 557 457 615 hiberno
481 559 553 615 ciuis
577 565 642 616 ator
664 561 693 616 in
717 560 787 616 orbo
811 561 945 630 iacerem,
970 580 972 585 ·

188 651 229 707 At
252 651 309 709 cito
334 670 396 708 sum
420 652 520 724 longas
545 655 639 710 iussus
664 655 737 711 inire
762 655 831 711 6166.

143 744 228 802 Litus
252 746 290 802 ad
312 746 486 818 Hesperium
510 749 573 804 roni
599 749 801 820 dominamque
825 750 936 821 reliqui,

189 840 265 897 Dum
287 840 369 898 feror
390 842 446 898 buo
468 842 544 910 illue,
570 848 653 899 sexta
677 844 800 899 recurrit
824 844 925 900 biems.

100 954 130 996 15
146 934 259 1003 Omnia,
284 952 356 1007 quae
379 942 500 1007 possent
522 936 653 993 tlmumas
677 938 871 1008 exstinguere,
896 938 961 996 1661.

189 1029 320 1099 Quaeris,
345 1030 487 1101 profuerit
512 1032 580 1102 quid
603 1030 693 1087 mihi?
733 1032 819 1088 Peius
843 1033 922 1090 tuno!

92 1136 101 1153 ⁴
145 1124 200 1181 Illa
220 1126 293 1181 meis
317 1126 416 1192 oculis,
441 1127 571 1197 ‹luamris
593 1127 696 1197 procul
719 1126 804 1194 absit,
830 1127 963 1184 inhaeret.

188 1218 251 1276 Neo
273 1237 431 1277 memorem
455 1220 566 1277 Phoebi
589 1238 642 1277 666
665 1221 734 1276 sinit
757 1238 821 1277 osse
844 1222 909 1278 moi.

146 1313 264 1385 Iamque
288 1314 340 1371 sub
364 1314 420 1370 hoo
442 1303 506 1384 ips'o
530 1320 673 1371 ternarum
697 1314 753 1371 fine
777 1323 894 1386 roperta
918 1322 963 1372 est

77 1426 133 1479 ¹ao
189 1408 262 1478 Vna,
287 1425 389 1465 recens
412 1408 496 1465 nobis
521 1426 587 1466 ecoe
610 1409 706 1481 puella
729 1410 844 1465 malum.

147 1502 229 1561 Haeo
251 1508 305 1572 est,
329 1520 413 1575 quam
437 1504 545 1560 totiens
568 1503 688 1560 laudaro
713 1504 823 1573 soletis,
847 1506 942 1571 andei,

190 1597 266 1654 Dum
289 1598 404 1654 niveum
427 1598 541 1654 choreis
565 1598 622 1654 fort
645 1598 774 1654 tunirata
798 1599 912 1668 perlem.

147 1692 218 1760 Nec,
242 1693 313 1769 quia
334 1691 464 1749 formosa
487 1700 539 1760 ost,
566 1693 673 1763 rapior,
699 1692 750 1748 sod
773 1693 898 1762 imagine
921 1698 1033 1766 tangor,

187 1786 250 1844 Neo
272 1786 349 1858 quod
373 1803 437 1843 amo
460 1787 554 1855 vido0‚
581 1803 670 1858 rogor
692 1803 791 1842 amare
815 1792 921 1843 tamen.

103 1900 133 1942 25
148 1882 279 1955 Namque
303 1879 432 1958 (fatebor
455 1881 542 1956 onim)
565 1881 670 1952 gelida,
696 1897 759 1937 moa
782 1882 851 1950 vito,
877 1882 930 1938 sub
953 1884 1045 1941 Arcto

192 1976 268 2035 Huic
290 1976 398 2033 similes
421 1977 524 2044 vultus,
550 1977 574 2032 si
598 1976 684 2032 modo
708 1976 786 2044 uiuit,
812 1975 914 2033 habet:

148 2070 197 2129 sio
218 2070 348 2129 formosa
371 2072 461 2143 genis,
486 2072 528 2127 sio
551 2075 596 2127 ost
619 2071 739 2126 astricta
762 2071 887 2141 pupillis

191 2164 240 2223 Sio
261 2165 346 2238 pede,
371 2167 413 2223 sie
436 2166 536 2233 666116,
561 2166 603 2221 616
626 2181 750 2234 operosa
774 2165 873 2220 cornis.

149 2262 278 2335 Vtraque
300 2261 401 2318 blaesa
422 2260 483 2317 foro
508 2265 560 2327 ost,
585 2260 667 2316 annis
692 2259 890 2316 crescentibus
914 2260 1025 2330 ambae,

104 2377 135 2418 eo
193 2357 255 2414 Neo
276 2357 369 2427 nragis
392 2356 463 2413 haee
487 2356 574 2426 longa
597 2358 640 2409 ost
663 2370 717 2409 666
740 2354 831 2424 inagis
854 2354 903 2410 illa
925 2353 989 2422 fuit,

148 2453 211 2510 Neo
233 2451 328 2523 pudor
350 2456 399 2507 aut
424 2451 497 2507 casti
519 2450 631 2505 faciunt
654 2448 823 2504 discrimina
845 2465 950 2518 mores

192 2545 231 2603 Vt-
254 2546 356 2603 credas
378 2551 480 2617 partus
503 2544 587 2600 unius
612 2560 675 2599 osso
701 2542 784 2598 eluas.

150 2642 227 2712 Quid
242 2641 312 2699 mihi
328 2657 403 2697 nuno
419 2639 548 2710 prodest,
573 2638 650 2709 quod
672 2654 723 2693 uos
739 2653 819 2693 maro
836 2642 952 2708 separat
968 2639 1080 2711 ingens,

193 2736 279 2794 Mons
301 2734 379 2792 bona
402 2733 479 2806 quod
502 2733 591 2790 tantis
615 2732 766 2802 exagitata
788 2728 891 2787 maiis?

106 2850 135 2893 eo
151 2829 227 2901 Quid
248 2830 329 2886 iuvat
352 2828 478 2901 effigiem
501 2834 619 2884 tenerae
644 2824 786 2882 conflasse
808 2824 930 2894 prullao,

194 2924 285 2999 Quam
308 2941 409 2981 manus
432 2924 462 2978 in
486 2922 576 2993 digito
600 2922 682 2976 laeva
706 2919 816 2975 minore
839 2916 926 2974 tulit?

149 3019 228 3077 Num
241 3019 336 3075 minus
352 3019 425 3074 liaeo
440 3017 561 3088 praebet
577 3015 671 3080 tellus,
686 3012 763 3084 quod
779 3029 876 3069 ornare
892 3030 1012 3074 necesse
1028 3023 1082 3089 ost,

192 3114 269 3171 Num
291 3113 385 3169 minus
408 3112 481 3168 hano
505 3115 611 3182 urgunt
633 3125 679 3164 mo
703 3107 858 3163 siumlacra
880 3107 974 3165 mori?

151 3206 232 3265 Collo
255 3207 308 3264 sub
331 3205 456 3264 herboso
480 3204 531 3281 (nil
555 3211 583 3262 16
608 3198 777 3276 celabimus)
801 3200 888 3271 ibam,

107 3320 137 3363 40
193 3301 277 3359 Vnde
299 3303 388 3360 moris
411 3301 518 3357 virides
543 3299 762 3369 conspiciuntur
784 3311 885 3366 66666.

150 3396 264 3455 Laurus
287 3402 317 3453 et
339 3396 494 3453 umbrosae
517 3396 620 3451 salices
645 3397 674 3449 et
697 3390 789 3446 Lotos
814 3395 843 3446 ot
865 3391 942 3461 ulmi,

194 3490 355 3563 Praecipue
377 3491 494 3548 Bocobo
517 3490 608 3546 Lotus
632 3487 735 3552 arnico,
760 3483 862 3541 virent..

152 3586 224 3655 11116,
248 3587 324 3643 siout
347 3591 418 3653 erat,
443 3585 636 3642 viridantibus
660 3583 761 3643 abdita
783 3581 872 3636 ramis

151 3700 193 3733 Lot.
203 3700 381 3734 Ltmurdonkm.
393 3698 408 3732 7.
921 3686 946 3734 ᾖ
