2476 4050
432 243 435 249 ·
449 221 468 268 1.
491 223 608 268 PAVLVS
630 221 787 267 MELISSVS.

432 397 582 455 PAVLVS
605 397 805 455 MELISSVS.

490 535 543 592 Ad
566 535 744 593 Resinam.

280 647 394 705 Donavi
417 646 471 704 tihi
493 646 631 705 flosculos
654 664 796 716 rosarum,

281 742 344 799 Vno
369 759 438 814 quas
462 759 527 799 inea
550 743 653 800 tertias
676 743 706 799 in
729 757 804 798 anno

279 836 365 894 Horti
389 838 472 907 spina
496 837 584 893 decus
607 836 681 893 bene
705 836 853 908 educavit3

277 932 416 988 Ardentis
440 932 510 987 mihi
533 937 572 999 tu,
599 931 716 999 Resina,
741 929 829 988 flores

277 1026 395 1083 Vrticae
418 1027 589 1083 ioculariter
611 1027 765 1094 redonans,

276 1120 333 1177 Per
355 1121 501 1192 risumque
525 1120 679 1192 dolumque
702 1119 884 1177 incrdicante

276 1215 382 1272 Tactas
407 1216 488 1272 caule
511 1232 612 1272 rnanus
636 1231 715 1272 ineas
739 1214 846 1271 aduris.

279 1311 344 1367 Non
368 1311 406 1366 nri
430 1311 546 1384 (sentia,
572 1310 675 1377 sentio,
700 1306 836 1383 Rosina!)

273 1405 340 1461 Non
363 1405 543 1462 extrinsecus
566 1405 618 1461 has
642 1420 752 1472 manus,
777 1403 829 1460 sed
852 1403 945 1474 ipsum

277 1499 380 1556 Vrenti
402 1497 473 1556 folio
498 1516 549 1555 cor
572 1499 704 1570 attigisti.

276 1593 363 1649 Haud
388 1592 464 1649 solas
487 1593 585 1664 igitur,
610 1592 729 1661 Rosina,
753 1585 877 1663 p'csthac

275 1686 369 1742 Resas
393 1686 486 1742 Idalio
511 1686 621 1743 vocabo
646 1685 742 1754 flores,

276 1780 406 1837 Vrticarn
429 1780 550 1837 Veneris
574 1780 684 1838 vocabo
707 1779 811 1837 flerem

277 1875 318 1931 Et
340 1876 440 1947 spinae
465 1873 621 1948 Cythereia
645 1891 784 1932 sorerem.

472 2081 626 2137 Rosinae
653 2097 757 2137 meae.

176 2190 251 2247 Esse
275 2190 344 2262 quid
367 2191 422 2247 hcc
445 2188 560 2247 dicarn‘?
589 2191 658 2248 Sela
681 2192 751 2248 mihi
773 2192 868 2248 noctis
891 2192 922 2246 in
944 2191 1048 2248 umbra

213 2284 276 2342 Nec
299 2284 425 2343 dormire
448 2303 536 2358 grave
560 2292 681 2344 estnec
703 2287 824 2358 vigilare
846 2287 910 2342 leve
933 2291 986 2343 est.

171 2381 218 2436 An
241 2381 353 2437 iaceam
376 2381 460 2450 dulci,
484 2398 550 2438 rnea
572 2382 640 2451 vita,
666 2398 771 2453 sopore
795 2382 907 2439 solutus

214 2475 400 2532 Insomnesve
425 2476 543 2534 trahant
565 2477 674 2534 lumina
695 2477 774 2533 lassa
796 2476 884 2549 vices,

143 2569 287 2626 aNescic.
322 2569 362 2627 Te
387 2571 493 2627 clausis
518 2572 618 2640 oculis,
642 2577 672 2627 te
696 2571 789 2628 cernit
811 2569 921 2641 apertis

212 2664 393 2733 Mensurae,
419 2682 470 2722 seu
493 2666 617 2737 vigilem,
642 2666 702 2722 sive
727 2665 822 2737 quiete
845 2662 935 2720 fruar.

169 2758 241 2815 Tunr
265 2759 349 2815 simul
372 2760 540 2830 amplecter,
566 2760 652 2820 sirnul
674 2760 798 2827 osculer,
822 2759 887 2829 ipsa
909 2758 1037 2815 vicissim

211 2853 261 2909 Me
286 2853 436 2924 complexa
458 2870 523 2910 mco
546 2854 631 2910 basia
654 2854 690 2911 ab
715 2870 765 2911 cre
789 2854 875 2925 rapis.

170 2947 254 3004 Nunc
277 2965 390 3019 quoque
414 2948 533 3005 delicias
556 2947 664 3017 iacere,
690 2966 706 3010 c
729 2947 868 3017 formosa,
892 2948 1010 3019 viderie,

126 3059 153 3101 10
211 3042 295 3099 Nunc
318 3043 388 3099 mihi
412 3043 510 3100 nescio
535 3060 606 3115 quas
630 3043 728 3100 dicere
751 3043 918 3100 blanditias.

168 3136 255 3194 Mane
279 3136 328 3193 ubi
350 3136 526 3209 languidulis
550 3154 639 3209 sopor
660 3138 734 3195 udus
758 3137 850 3195 abivit
873 3138 983 3208 ocellis,

211 3231 326 3289 Gaudia
349 3233 488 3304 deceptus
512 3249 586 3290 rana
607 3231 697 3290 fuisse
721 3249 835 3305 queror.

168 3323 191 3381 Ο
215 3341 305 3394 arnor,
331 3344 347 3383 0
372 3344 467 3396 curae,
493 3344 509 3383 0
532 3328 631 3384 inania
654 3328 766 3386 somnia
788 3328 891 3397 noctiS,

210 3418 335 3477 Pectora
358 3438 442 3492 quarn
465 3423 553 3478 variis
576 3422 675 3479 luditis
700 3439 789 3494 aegra
810 3422 919 3480 modis!
