2476 4050
353 202 373 248 1.
396 200 515 245 rnrnvs
538 199 704 245 terremus
727 199 894 248 secururs.
1076 195 1112 253 15

174 381 256 436 Tunc
280 395 334 449 ego
358 375 525 448 regnabam,
550 392 604 432 nec
627 392 673 432 me
697 372 811 431 felicior
834 377 909 435 alter

218 473 318 530 Gessit
341 471 463 528 militiae
487 471 577 541 signa,
604 469 728 540 Cupido,
753 474 829 540 tuae,

173 570 256 625 Tunc
278 568 404 639 primum
429 564 520 621 dulcis
543 564 703 635 praeconia
725 580 846 622 noscere
868 566 964 626 famae

216 664 257 720 Et
281 662 365 732 coepi
389 665 505 716 teneres
529 660 601 715 velle
624 659 741 730 placere
764 661 871 732 modis3

132 779 158 820 15
173 759 261 816 Nulla
285 756 355 812 milri
379 755 456 810 vasti
479 758 591 810 restare
614 753 745 824 pericula
767 756 848 824 ponti

216 850 386 922 Fingebam,
412 848 504 904 nullas
527 849 585 904 iam
609 863 762 918 superesse
785 849 856 918 vias,

172 947 378 1016 iucundaeque
402 960 493 1014 genus
517 942 683 999 meditabar
705 941 828 1000 amabile
851 945 928 1003 vitae

213 1043 254 1099 Et
275 1039 393 1098 facilem
418 1038 565 1094 dominam
589 1037 810 1109 coniugiumque
833 1038 949 1097 bonurn.

172 1138 221 1195 Sic
242 1135 332 1194 fallax
355 1132 499 1204 praelusit
520 1133 625 1188 Amor:
650 1149 708 1188 nox
732 1133 828 1190 omnia
850 1136 946 1205 vertit,

126 1254 157 1294 20
214 1232 373 1302 Longaque
395 1233 464 1299 post
487 1232 584 1283 actum
606 1242 658 1282 ver
679 1225 767 1283 breve
792 1230 888 1300 eoepit
910 1229 1011 1288 hiems

172 1328 248 1384 Nam
270 1325 367 1397 pudor
389 1340 407 1384 a
430 1321 559 1378 tumidae
584 1338 648 1377 cum
672 1321 790 1378 cederet
813 1340 863 1380 ore
886 1325 998 1395 puellae

215 1421 278 1479 Nec
302 1421 422 1489 caperet
444 1414 538 1472 fastus
562 1414 641 1472 facta
664 1415 790 1486 superba
813 1435 890 1487 suos,

170 1517 326 1573 Immemor
347 1513 411 1583 ipse
434 1511 500 1578 mei,
526 1527 581 1580 quo
606 1527 672 1580 spes
695 1511 797 1580 minor,
823 1513 918 1570 acrius
942 1516 1010 1585 arsi,

216 1609 359 1679 Spumeus
381 1607 412 1662 in
433 1603 571 1662 brevibus
596 1621 648 1660 ceu
670 1603 741 1660 furit
764 1612 862 1664 aestus
886 1609 977 1680 aquis.

131 1723 160 1763 25
175 1702 245 1772 ouis
268 1701 339 1757 mihi
362 1717 420 1756 non
442 1700 491 1755 illo
515 1699 624 1755 solacia
647 1704 778 1770 tempere
803 1701 885 1771 dixit,

216 1795 286 1866 Quis
309 1810 397 1866 grave
421 1794 473 1850 sub
496 1792 629 1849 brumam
651 1810 709 1849 non
731 1794 886 1853 miseratus
909 1798 974 1868 iter,

175 1891 246 1948 Cum
269 1894 300 1946 tu
323 1889 479 1960 praecipue
504 1888 539 1944 de
562 1887 640 1944 mille
664 1888 821 1958 sodalibus
846 1890 931 1964 Hagi,

216 1985 347 2042 Fletibus
371 1998 525 2040 aerumnas
548 1998 759 2054 prosequerere
781 1986 877 2042 meas!
1027 2043 1031 2048 ,

172 2080 287 2137 Praeda
309 2061 412 2135 reeens
435 2074 576 2152 (memini)
598 2077 667 2133 licet
689 2077 751 2148 ipsc
776 2078 926 2150 Cupidinis
950 2099 1029 2141 esses

130 2194 157 2236 ae
214 2174 254 2231 Et
277 2172 379 2230 similis
403 2177 466 2228 toto
489 2171 583 2242 pallor
605 2172 635 2227 in
659 2189 708 2228 ore
730 2171 817 2242 foret,

172 2249 299 2326 Vulnera
321 2266 434 2324 lenibas
458 2270 556 2322 tamen
579 2265 702 2323 infelicis
727 2269 812 2325 amici

214 2363 254 2420 Et
276 2362 346 2419 milri
371 2360 505 2418 dicebas:
531 2360 554 2416 ‘I
576 2361 672 2430 modo,
699 2379 785 2420 sanus
809 2364 892 2421 erisi'

171 2458 246 2528 Quid
269 2461 367 2514 tamen
389 2455 520 2512 hibernis
542 2455 640 2526 pulsas
664 2457 845 2528 aquilonibus
869 2461 958 2531 Alpes

214 2551 329 2609 Profuit
353 2556 383 2607 et
407 2566 494 2621 rupes
519 2550 668 2619 scandere,
694 2551 769 2622 Iura,
795 2551 883 2611 tuas?

128 2666 156 2708 35
171 2647 220 2704 Me
243 2646 404 2704 Rhodanus
428 2645 522 2712 velox,
546 2661 592 2701 me
616 2645 856 2706 clementissimus
880 2651 973 2709 amnis

214 2740 356 2798 Caeruleo
380 2740 488 2797 lassum
512 2739 626 2811 gurgite
649 2741 728 2797 rexit
750 2743 840 2814 Arar3

171 2835 247 2906 Vidi,
273 2833 438 2906 spumiferis
461 2833 511 2890 ubi
535 2833 668 2905 Sequana
689 2834 819 2894 fontibus
844 2839 912 2909 exit,

213 2929 290 2995 Vidi,
315 2945 371 3000 qua
394 2928 520 2984 tumidas
545 2930 574 2985 in
595 2927 672 2986 freta
694 2931 784 2988 volvit
807 2949 906 3004 aquas

169 3025 237 3082 Non
259 3029 358 3081 tamen
381 3029 426 3080 est
450 3022 581 3079 defessus
605 3024 697 3081 Amor
718 3043 772 3083 nec
794 3028 942 3100 inhospita
965 3037 1048 3090 eurat

127 3138 155 3179 ro
213 3118 291 3177 Saxa
314 3135 368 3175 nec
390 3118 460 3174 irati
482 3135 629 3175 murmura
652 3136 739 3177 saeva
761 3123 859 3180 maris.

171 3213 247 3283 Quid
270 3229 375 3285 querar
396 3210 518 3270 infelix?
553 3213 615 3270 Tua
637 3215 763 3273 molliter
786 3235 854 3275 ossa
877 3221 1036 3292 quiescant,

214 3309 291 3376 Alte,
316 3306 368 3363 sub
393 3307 528 3365 Etruscis
551 3325 644 3380 nuper
666 3311 782 3370 hurnate
806 3314 897 3386 iugis!

170 3403 214 3458 Tu
236 3403 307 3459 milri
329 3419 383 3472 per
407 3419 491 3459 casus
516 3421 623 3471 onmes,
649 3405 716 3462 dum
739 3406 800 3465 fata
824 3409 966 3480 sinebant,

212 3497 237 3553 E
262 3497 342 3553 caelo
365 3497 471 3553 missus
495 3497 578 3555 dulce
601 3499 731 3558 levamen
755 3520 830 3560 eras.

128 3610 155 3650 ra
171 3591 250 3663 Ergo
274 3607 328 3663 ego
352 3596 381 3648 te
404 3609 549 3664 nunquam
571 3594 685 3652 miseris
709 3596 817 3655 deflere
841 3600 965 3671 querelis
