2476 4050
213 235 266 281 vu.
293 235 429 280 renarras
450 236 568 282 cuins
612 236 771 281 nermovs
792 235 982 281 eremmon.
1064 223 1104 281 85

447 464 620 522 IOANNES
645 464 792 522 CLAIYS.

269 601 318 657 De
342 602 458 658 reloei
481 603 639 658 transitu
662 603 758 660 ritae
782 603 961 660 humanae.

171 720 249 790 Quid
273 719 347 778 tibi?
371 722 446 790 Quid
468 721 580 793 fragilis
604 728 739 793 raptatur
761 723 848 780 stulte
871 723 1014 794 voluptas

217 816 277 872 Cur
298 817 360 873 sine
383 816 466 888 fruge
489 816 541 873 tibi
565 816 662 874 nobile
686 825 800 888 ternpus
823 815 905 874 abit?

171 909 273 978 Ludis,
299 927 388 979 amas,
412 917 507 982 potas,
532 913 626 983 agitas
651 913 790 981 ronriria,
816 913 905 970 saltas

217 1005 342 1077 (itiaque
364 1007 485 1077 ignarus
509 1006 658 1063 desidiosa
683 1007 767 1077 eolis;

140 1100 318 1159 eventuras
342 1101 470 1157 studium
493 1100 591 1157 differs
614 1101 688 1158 nmle
711 1117 798 1158 sanus
822 1103 852 1158 in
875 1102 972 1171 horas

214 1193 339 1252 Labitur
361 1195 474 1252 interea
497 1212 555 1264 rer,
581 1195 658 1252 subit
682 1197 757 1252 aeris
781 1197 883 1265 hiems,

172 1289 288 1359 Nescis
312 1290 368 1346 hen
391 1290 495 1358 neseis
521 1298 645 1362 quantae
669 1291 714 1347 rel
736 1291 877 1362 perbreve
903 1299 1017 1363 tempus

216 1383 361 1441 Praebeat
385 1386 478 1440 utenti
502 1386 718 1442 commoditatis
741 1386 812 1443 iter!

171 1479 280 1550 Incipe,
305 1496 406 1550 rumpe
430 1496 535 1548 moras,
560 1480 733 1537 iuvenilibus
757 1483 849 1538 utitor
871 1482 954 1538 amris

127 1591 156 1633 10
215 1573 279 1630 Nee
300 1575 412 1645 potitor
434 1591 537 1645 segnes
561 1576 749 1645 praeteriisse
773 1576 846 1633 dies.

171 1667 248 1724 Nam
270 1669 360 1725 veluti
382 1686 483 1726 currus
508 1669 595 1726 celeri
618 1676 684 1726 rota
706 1671 833 1727 volvitur
856 1671 937 1740 orbe,

214 1762 261 1819 Sic
285 1764 361 1820 ritae
386 1781 487 1820 rursus
510 1781 568 1820 non
591 1770 754 1821 remoratus
778 1765 849 1823 abit.

171 1856 265 1914 Nemo
289 1862 387 1928 potest
411 1864 520 1915 certam
543 1859 620 1916 vitae
644 1859 700 1916 sibi
722 1876 832 1931 ponere
855 1866 972 1930 metam,

215 1951 298 2009 Mors
322 1954 400 2010 venit
422 1953 535 2011 incerto
559 1959 640 2031 eerta
664 1956 765 2028 cuique
790 1956 846 2014 die.

516 2159 720 2167 ——-——

383 2329 582 2387 HENRICVS
604 2330 849 2390 DECIMATOR.

159 2464 259 2522 Bona
282 2465 506 2523 conscientia
529 2468 746 2525 tutissimum
770 2475 824 2526 est
846 2470 1075 2542 praesidium.

470 2585 554 2642 Mens
578 2587 634 2644 sibi
656 2588 762 2648 foedae

472 2679 596 2739 Conscia
619 2683 720 2753 errlpar

471 2777 596 2848 Angitur
618 2795 717 2850 usque,

471 2871 567 2943 Vsque
591 2876 747 2931 tremescit.

471 2965 501 3022 Si
526 2984 607 3025 eoma
630 2967 730 3027 forsan

471 3063 585 3120 Arbore
609 3065 690 3122 vulsa

470 3156 597 3216 Turbine
621 3161 700 3218 renti

471 3251 583 3322 Quassa
606 3255 755 3326 gomiseat,

471 3348 581 3405 Horret
604 3354 634 3405 et
658 3350 772 3407 bostem

471 3440 573 3497 Credit
596 3442 709 3512 adesse,

471 3536 526 3604 Qui
549 3542 692 3594 temerato

470 3628 595 3688 Auferat
619 3632 712 3703 ipsam
