2476 4050
261 229 281 275 1.
304 228 408 274 BRVNO
430 227 600 273 SEIDELIVS.
646 227 801 273 HENRIGVS
823 227 974 274 HVSANVS.
1065 216 1105 274 23

277 403 371 461 Vnum
394 405 462 460 vina
485 403 561 461 diem
583 401 715 460 ferentur
738 421 811 461 esse.

278 498 373 555 Invita
397 515 509 570 queque
534 498 674 555 candidos
698 498 823 569 sodales,

278 592 366 662 Queis
390 592 548 664 adiungere
571 610 617 649 me
639 598 734 663 potes
758 609 813 649 nee
836 592 945 664 absque

276 687 386 744 Fruetu
408 692 477 743 tune
499 687 612 744 veniam
636 687 689 743 tibi
712 692 842 744 vocatus.

276 782 321 839 De
344 782 431 837 musti
453 781 586 838 bonitate
608 798 732 853 namque
755 786 883 852 gustans,

275 875 312 931 Ni
335 874 429 944 fallor,
453 875 528 932 bene
550 876 681 932 iudicare
704 893 822 946 possum

275 971 320 1026 Aa
342 976 441 1041 parles
466 986 519 1040 ege
542 971 617 1026 vatis
640 970 708 1027 inde
731 986 856 1038 sumens,

275 1064 381 1134 Quales
405 1065 463 1121 sint
485 1064 588 1121 hiemis
611 1065 688 1121 vices
710 1063 826 1121 futurae

273 1160 386 1228 Dicam,
410 1160 539 1230 pectoris
563 1176 630 1216 ossa
654 1176 717 1216 eum
740 1158 854 1228 videbe,

274 1253 363 1323 Quae,
389 1253 457 1311 dum
480 1254 561 1322 vixit,
587 1253 682 1310 adhuc
706 1253 835 1311 habebat
857 1269 952 1310 anser.

273 1347 355 1405 Haec
378 1353 475 1405 autem
497 1347 633 1405 facienda
652 1348 680 1404 si
704 1348 829 1419 putabis

274 1442 335 1499 Fac
357 1461 411 1512 me,
437 1445 462 1500 si
484 1448 578 1515 pelea
603 1460 665 1511 0r0,
691 1444 854 1500 certiorem.

408 1841 607 1900 HENRIOVS
631 1842 820 1900 HVSANVS.

128 1987 322 2059 Elegidion
345 1986 386 2044 ad
401 1987 692 2046 Bartelomaeum
709 1988 879 2046 Gordium
897 1988 1101 2047 Cadurcum.

169 2107 303 2163 Diximus
327 2107 356 2163 in
380 2109 483 2165 mediis
507 2109 721 2166 salamandram
744 2111 842 2167 vivere
865 2108 998 2181 flammis,

212 2202 253 2257 At
275 2200 329 2258 tibi
353 2218 399 2258 res
424 2203 502 2259 omni
524 2204 586 2260 visa
611 2220 710 2261 carere
733 2203 806 2276 fide3

170 2294 279 2353 Desine
302 2296 402 2352 mirari
425 2296 502 2368 quud
526 2297 658 2368 diximus
685 2299 793 2369 optime
817 2298 917 2368 Gordi,

212 2389 278 2448 Hee
299 2395 381 2447 vetus
406 2395 459 2460 est,
484 2392 564 2449 aliud
585 2410 661 2449 nune
684 2393 739 2450 libi
762 2394 827 2451 dieo
851 2412 965 2452 novum.

59 2509 62 2514 ·
139 2483 264 2543 sCorde
292 2490 411 2556 recepta
433 2502 497 2544 meo
522 2492 567 2543 est
589 2488 748 2560 haeretque
771 2487 860 2545 infixa
883 2488 1016 2546 medullis

210 2579 264 2636 Illa
285 2580 423 2650 puellaris
446 2581 496 2636 lux
518 2581 675 2640 Theodora
699 2583 789 2639 chari.

168 2671 226 2730 Cor
247 2672 372 2731 flammis
396 2674 489 2745 ardet,
514 2674 666 2748 liquefiunt
688 2678 755 2748 igne
778 2679 930 2747 medullae,

209 2768 243 2824 In
265 2768 361 2825 medio
385 2769 477 2840 glacie
501 2770 603 2827 durior
624 2771 674 2827 illa
697 2771 789 2827 sedet.

165 2863 192 2918 A
215 2863 348 2935 quotiens
371 2863 429 2919 ime
453 2864 577 2934 gemitus
602 2881 616 2920 e
640 2871 759 2935 pectore
783 2865 867 2934 duee,

123 2975 149 3015 10
210 2956 350 3014 Absentis
373 2956 479 3015 faeiem
502 2975 566 3014 eum
589 2959 659 3015 milri
681 2958 766 3030 fingit
788 2960 883 3017 amor!

166 3049 258 3120 Quam
281 3051 351 3108 milri
375 3069 426 3109 cor
447 3052 540 3124 plenis
564 3053 690 3124 suspiria
712 3053 829 3112 follibus
853 3053 972 3125 addam,

207 3146 290 3203 Vnde
313 3163 394 3203 meus
417 3145 549 3204 flammas
572 3146 678 3205 fortius
701 3149 791 3206 arder
813 3149 878 3207 alit!

165 3241 209 3297 Ae
232 3241 311 3298 velut
333 3241 490 3299 herbarum
514 3247 597 3299 tener
619 3243 686 3314 igne
710 3245 866 3301 resolvitur
888 3245 993 3302 humor

208 3334 354 3407 Guttaque
378 3336 509 3394 subiecto
534 3337 625 3394 stillat
648 3338 840 3407 odoramen,

122 3446 150 3488 15
164 3428 232 3485 Non
255 3429 342 3485 aliter
365 3431 447 3486 eerdi
470 3431 518 3503 qui
541 3431 783 3489 circumfunditur
805 3434 917 3503 humor,

206 3521 269 3592 Quo
292 3523 369 3594 rigat
393 3525 514 3583 ardores
540 3543 590 3583 eor
612 3527 695 3598 quasi
718 3544 785 3585 rere
809 3545 886 3597 sues,

165 3616 328 3688 Perpetuos
352 3619 431 3675 velut
454 3636 469 3676 e
494 3619 588 3677 calida
610 3619 730 3679 fornace
754 3639 878 3694 vapores
