2476 4050
407 206 446 252 VI.
474 206 628 252 cuoaolvs
651 203 823 250 FABRIGIVS.

403 467 602 527 GEORGIVS
625 465 843 524 FABRICIVS.

578 612 660 670 Oda.

131 741 223 811 Quid
238 743 339 800 aDeo
354 742 940 814 auetorpetatquidvepetendum
954 747 1109 798 censeat.

286 872 362 941 Quid
386 889 456 929 arva
480 877 547 928 suut
571 871 725 929 Calabriae
749 870 865 940 feracis

338 966 414 1036 Quia
437 967 534 1038 Hybla
557 967 661 1038 quidve
686 967 852 1037 Hymetius

285 1060 361 1130 Quid
385 1067 429 1118 est
452 1062 517 1119 an
541 1062 659 1130 concha,
684 1060 752 1133 quicl
775 1059 882 1117 Sabaei

339 1156 438 1213 Orlora
461 1158 542 1228 virga
565 1158 647 1225 turis
755 1226 758 1233 Ι

289 1250 365 1318 Quid
388 1268 492 1307 aureas
516 1268 604 1322 agens
627 1251 755 1308 Hiberus
778 1249 880 1317 undas,

337 1343 413 1412 Quid
437 1349 481 1401 est
504 1344 639 1401 Phraatis
663 1346 738 1413 aula,

286 1436 324 1493 Vt
347 1455 364 1494 a
386 1438 449 1495 Deo
474 1439 531 1494 ista
554 1437 683 1511 flagitem
706 1438 838 1510 rogando

337 1532 376 1588 Et
399 1533 534 1604 impleam
557 1539 637 1591 astra
658 1531 756 1590 votis?

287 1628 397 1698 Agrum
420 1633 522 1695 metas,
548 1629 594 1684 cui
616 1628 696 1685 Deus
720 1627 887 1684 metendum

339 1722 437 1791 Dedit,
462 1723 598 1794 legasque
622 1724 716 1791 mella,

290 1816 336 1872 Ad
359 1816 495 1873 Herculis
518 1818 628 1873 lucrum
652 1821 755 1887 petens
781 1817 929 1873 columnas

277 1946 280 1952 ·
339 1909 407 1968 Solo
431 1911 560 1981 marique
585 1928 694 1979 curras,

288 2004 324 2061 Vt
348 2005 477 2062 ambules
501 2005 624 2063 decorus
649 2009 729 2062 ostro
755 2010 784 2062 ct
808 2021 888 2073 auro,

337 2100 428 2157 Manu
450 2106 483 2156 ut
504 2106 624 2172 potente
647 2105 794 2172 sceptrum

291 2194 383 2252 Geras
405 2194 547 2267 bibasque
570 2195 708 2267 gemmeis
732 2193 898 2262 Falernum,

339 2291 403 2360 Age
426 2290 571 2360 inquietus
595 2289 710 2346 aevum!

287 2382 332 2439 Sit
353 2384 492 2440 innocens
516 2384 587 2440 milri
609 2384 760 2455 latensque
784 2383 853 2453 vita,

338 2478 406 2534 Deli
429 2479 522 2534 inscia
545 2483 574 2534 et
597 2479 719 2547 timoris

286 2572 380 2630 Beata
404 2572 495 2644 copiis
520 2573 578 2629 suis
602 2572 724 2629 honeste

341 2666 382 2723 Et
404 2667 513 2739 absque
536 2666 639 2724 fraude
662 2667 767 2738 partis3

287 2761 328 2818 Et
349 2767 382 2818 ut
405 2761 555 2819 laboribus
579 2779 681 2833 queam
705 2762 838 2833 elatisque

338 2856 473 2929 Negotiis
497 2873 643 2928 praeesse,

287 2951 364 3009 Lues
387 2952 511 3008 molesta
534 2953 723 3023 corporisque
746 2951 826 3022 longi

338 3047 417 3104 Eant
440 3047 541 3117 procul
565 3047 690 3103 dolores.

291 3140 380 3209 Quies
404 3157 486 3197 meae
510 3141 670 3212 modusque
695 3141 733 3197 sit
757 3144 893 3195 senectae

339 3234 424 3291 Laris
450 3235 552 3292 domus
576 3235 700 3306 paterni.

288 3330 407 3386 Amicus
433 3329 500 3386 inde
524 3330 563 3386 sit
584 3329 679 3387 fidelis
703 3346 776 3386 unus

339 3424 379 3480 Et
402 3424 477 3480 alter
498 3424 529 3481 in
551 3425 679 3481 secunda

288 3519 424 3590 Maiaque
448 3536 479 3575 re
504 3524 596 3575 status
620 3519 752 3575 levamen
777 3518 878 3574 omnis.

341 3613 414 3670 Nive
439 3613 582 3670 albicante
606 3611 702 3670 fronte
