2476 4050
244 176 272 223 v.
298 177 436 224 uranum
459 179 638 228 Husuomvs,
683 183 776 230 murs
798 184 982 232 ovurmuvs.
1059 178 1097 237 67

385 355 500 413 Merum
522 357 656 415 bibamus
679 359 757 430 illud,

387 449 471 519 Quod
494 453 634 523 optimum
656 459 783 525 putetur.

385 545 461 616 Quid
484 546 562 604 haud
584 564 694 605 merum
717 549 872 607 bibamus?

388 641 501 698 Merum
524 641 607 713 fugat
629 642 755 711 dolorem

387 736 502 792 Merum
524 734 595 793 facit
618 737 754 808 colorem,

388 830 504 888 Merum
525 832 606 888 iuvat
627 837 740 902 poetae,

388 925 503 982 Merum
525 925 596 982 facit
620 926 755 984 disertos¹

385 1020 517 1077 Resolvit
540 1037 592 1077 ora
615 1021 721 1091 vinum,

388 1115 500 1172 Premit
522 1114 625 1172 Thalia
649 1133 733 1174 ouras

387 1210 552 1267 llleraeiore
575 1211 669 1281 poelo.

388 1304 440 1362 Sat
462 1304 532 1362 hoo!
556 1304 591 1361 Iu
614 1305 685 1363 orbe
708 1312 771 1364 toto

387 1400 512 1457 Laboris
535 1405 565 1457 et
588 1399 696 1457 doloris

385 1495 463 1552 Satis
488 1511 630 1566 superque
654 1501 756 1552 restat.

389 1591 422 1647 In
446 1589 517 1646 orbe
541 1589 680 1660 quidquid
703 1608 823 1662 usquam

388 1682 513 1740 Laboris
538 1688 567 1740 et
587 1683 697 1740 doloris

389 1778 513 1835 Videtur
536 1794 609 1847 esse,
635 1778 700 1835 viuo

388 1872 530 1930 Levemus
554 1877 583 1929 et
606 1874 723 1931 corollis

387 1968 445 2025 Sub
469 1968 592 2024 hortulis
616 1969 756 2027 amoenia

386 2063 480 2120 Dolor
502 2079 583 2120 moro
606 2061 732 2134 fugatur,

387 2158 528 2229 Meroque
552 2157 642 2214 eorda
666 2164 809 2229 oresouut,

387 2253 530 2324 Meroque
554 2269 671 2308 somnus
694 2253 785 2311 intrat

388 2346 525 2418 Idemque
548 2347 644 2418 pascit
666 2352 755 2405 artus.

516 2543 721 2550 ——-—.

431 2670 548 2727 IANVS
574 2671 809 2730 GVLIELMVS.

557 2799 684 2858 Rosao.

174 2924 200 2979 A
223 2921 356 2994 quotiens
380 2919 494 2991 gelidae
518 2919 616 2976 media
638 2921 715 2977 iuter
738 2920 848 2993 frigora
869 2922 990 2981 brumae

217 3015 297 3073 Suda
319 3014 390 3071 mihi
413 3013 513 3071 blandi
536 3015 613 3071 veris
636 3015 732 3087 imago
757 3014 848 3073 subit!

173 3112 214 3168 Et
237 3110 384 3167 desiderio
407 3109 550 3181 pellectus
574 3115 606 3166 ut
629 3114 697 3167 ante
720 3112 845 3183 vagandi

218 3206 306 3262 Priva
328 3205 387 3261 suis
412 3204 497 3262 doleo
525 3221 594 3261 rura
615 3205 713 3262 iacere
736 3190 836 3263 bouis:

143 3300 249 3360 oNam
270 3315 364 3371 neque
387 3299 537 3371 graminea
561 3300 657 3370 campi
679 3299 730 3355 ulli
753 3300 783 3356 iu
805 3306 886 3360 veste
909 3302 1065 3371 virescunt,

215 3390 426 3467 Arboreaeque
449 3395 546 3452 avium
570 3399 649 3451 stant
672 3394 734 3451 siue
757 3395 869 3454 honore
892 3397 1005 3466 domne,

175 3486 241 3545 Vlla
260 3502 355 3561 neque
375 3488 496 3547 incultis
518 3489 683 3560 plantarum
706 3490 799 3561 surgit
821 3491 852 3547 in
874 3491 978 3557 hortm,

216 3576 368 3657 {tunquam
389 3582 522 3641 formoso
545 3583 606 3641 lilia
630 3583 665 3641 de
690 3583 788 3654 calice,

246 3698 294 3815 Ι-
925 3681 961 3730 lo*
