2476 4050
597 645 650 701 Ill.

312 825 315 831 .
351 781 588 839 FRIDERICVS
612 781 891 840 WIDEBRAMva

434 919 670 992 Seliloquium
693 920 803 977 exilii.

178 1032 295 1089 Maesta
317 1031 394 1103 quid,
420 1048 436 1088 0
460 1032 565 1097 anima,
591 1029 641 1088 es?
667 1031 725 1089 Cur
746 1037 774 1089 te
792 1030 891 1088 obruis
908 1031 997 1088 anxia
1014 1033 1126 1093 curis?

176 1126 250 1183 Esto
273 1126 325 1194 tui,
349 1142 460 1183 memor
483 1129 546 1182 estc
569 1125 625 1182 Dci
648 1131 735 1199 atque
758 1126 904 1198 reconlige
928 1130 1079 1186 ment-em!

178 1220 269 1277 Vnius
292 1220 447 1291 impatiens
471 1220 583 1277 adeone
606 1221 791 1278 inc-cmmoda
812 1221 931 1292 planges

178 1315 277 1384 Exilii,
302 1314 377 1371 male
400 1311 505 1386 grata?
534 1314 591 1372 Dei
615 1333 679 1372 cum
701 1314 777 1372 filius
799 1317 862 1387 ipse
909 1380 911 1384 ¹

148 1409 253 1468 uExul
278 1413 307 1466 et
330 1425 346 1466 e
367 1409 463 1479 patrie
485 1425 554 1465 mcx
575 1411 674 1480 pulsus
699 1410 735 1467 ab
758 1409 892 1467 hostibus
915 1407 1015 1467 infans

178 1503 271 1561 Cedat
293 1504 323 1560 in
345 1504 509 1575 Aegyptum
532 1504 648 1576 lateque
671 1509 792 1577 vagatus
815 1505 845 1560 in
869 1504 939 1561 erbe

177 1599 294 1670 Pauper
316 1602 346 1655 et
368 1596 508 1666 abiectus,
532 1615 681 1669 nusquam,
707 1615 762 1671 quc
785 1599 897 1656 viveret
919 1615 1057 1677 usquam,

177 1693 272 1750 Triste
297 1697 384 1763 caput
405 1692 544 1763 languens
568 1692 617 1748 ubi
640 1693 805 1762 reclinaret,
830 1693 960 1762 haberet,

177 1787 312 1846 Membra
335 1787 423 1843 etiam
446 1786 565 1843 tradens
589 1787 701 1844 alienae
724 1792 840 1844 mortua
862 1787 990 1859 tumbae,

134 1903 161 1943 10
176 1883 254 1939 Exul
277 1881 313 1938 ab
337 1879 423 1937 exilio
447 1879 534 1937 modo
557 1897 611 1937 nos
636 1881 790 1953 aliquande
814 1888 948 1953 receptes

177 1976 310 2034 Heredes
333 1974 447 2046 patriae
471 1974 605 2032 caelestis
628 1976 740 2035 honore
762 1977 873 2034 bearet,

176 2071 260 2128 Felix
283 2076 369 2142 atque
393 2070 498 2127 iterum
521 2068 599 2142 felix,
624 2071 648 2126 si
672 2075 758 2144 teque
782 2069 925 2143 tuamque

178 2168 241 2236 Quo
266 2164 355 2223 debes
380 2165 484 2233 anime,
508 2163 656 2222 fortunam
678 2166 802 2237 provida
823 2167 903 2222 noris

177 2259 397 2329 Distinctcsque
421 2258 528 2330 gradus
552 2258 732 2332 distinguere
756 2261 844 2318 decta
864 2259 1010 2318 benorum

134 2373 161 2415 15
176 2353 276 2411 Mente
300 2368 415 2409 crucem
430 2352 554 2423 placida,
580 2370 775 2427 quaecumque
791 2359 844 2423 est,
868 2356 984 2421 vincere
1001 2357 1119 2420 discas,

176 2447 253 2505 Exul
276 2463 320 2504 es:
346 2447 464 2504 exilium
488 2449 647 2505 communis
671 2451 767 2521 gratia
789 2449 888 2506 muudi
913 2455 966 2520 est,

176 2542 266 2600 Sueta
288 2540 350 2598 fere
373 2541 484 2598 meritis
507 2559 618 2599 merces
642 2543 762 2616 indigna
783 2542 902 2616 referri;

176 2637 231 2694 Cui
253 2637 277 2693 si
301 2636 409 2693 crimen
432 2635 524 2705 abest,
548 2642 582 2692 ut
604 2637 696 2706 abest,
722 2655 793 2710 quac
818 2643 900 2696 tanta
923 2639 1035 2698 doloris

177 2731 272 2789 Causa
288 2727 407 2788 subest?
424 2730 500 2800 Quid
512 2731 588 2787 enim
600 2732 700 2788 miseri
711 2750 764 2790 nos
776 2730 902 2805 quaeso?
920 2733 997 2803 Quid
1010 2751 1121 2798 omnes

132 2845 161 2888 aa
175 2827 279 2885 Nonne
302 2826 430 2883 viatores
454 2823 574 2882 sumus?
605 2827 666 2882 Aut
688 2826 756 2898 quid
779 2832 842 2884 tcta
863 2828 979 2898 piorum
1036 2830 1044 2836 “

175 2920 244 2977 Vita
265 2920 322 2976 nisi
346 2920 463 2977 exilium
486 2917 551 2977 est?
579 2920 646 2977 Non
668 2919 727 2978 fixa
751 2927 796 2978 est
817 2923 928 2978 mansio
952 2925 1053 2996 terris,

174 3013 328 3071 Instabiles
352 3019 498 3071 sectamur
521 3031 600 3086 opes,
626 3015 721 3072 aliena
743 3020 875 3073 tenentes

175 3109 343 3177 Oeconomi,
367 3125 426 3165 ncn
448 3109 593 3180 mancipio
619 3126 759 3167 concessa
782 3111 834 3168 sed
856 3128 911 3168 usu

173 3203 221 3260 Ad
244 3208 367 3273 tempus,
394 3203 489 3274 quoad
512 3203 562 3260 illa
584 3203 648 3261 Dee
672 3205 833 3263 concedere
855 3206 949 3262 visum
972 3213 1027 3265 cst.

131 3296 241 3359 aeSela
264 3298 383 3354 immota
406 3303 523 3354 manent
546 3297 625 3355 bena
648 3299 811 3370 spiritualia
835 3300 916 3358 caele

173 3390 300 3449 Abdita:
327 3408 400 3463 quae
424 3391 534 3463 siquis
558 3393 676 3464 retinet,
702 3399 781 3451 tenet
805 3395 901 3452 emnia
924 3395 1015 3453 dives.

237 3485 351 3557 Ecquid
368 3486 471 3554 adhuc,
497 3487 601 3557 anima,
627 3504 657 3544 es
682 3493 726 3546 tot
749 3487 862 3546 acerbis
886 3491 987 3548 saucia
1009 3488 1176 3719 ω,
