2476 4050
68 186 105 243 18
283 198 302 242 1.
324 197 444 243 Pennus
466 197 630 243 LOTICHIVS
653 197 817 243 SECVNDVS.

144 374 178 430 ln
200 373 296 445 gelida
319 374 411 430 violas
434 390 519 431 mane
542 372 658 445 legebat
682 374 779 430 humo.

60 488 89 529 45
104 469 144 525 Vt
166 468 234 536 vidi,
260 468 398 540 obstupui
421 485 550 540 saxoque
573 468 733 525 simillimus
758 469 840 526 hacsi

146 563 187 620 Et
210 563 357 619 dominam
380 580 448 619 vere
472 580 535 619 sum
558 567 639 619 ratus
663 579 727 619 esse
750 580 852 620 meam.

102 657 187 715 Hunc
210 658 298 713 etiam
321 662 435 728 gestum
457 656 545 714 flores
570 658 716 728 carpentis
739 657 876 726 habebat,

145 751 193 808 Sic
216 752 305 808 etiam
329 768 398 808 casu
422 751 547 808 candida
570 752 659 808 vestis
684 757 756 808 erat.

102 846 169 902 Non
191 845 299 901 virides
324 844 453 902 referunt
476 846 567 917 magis
591 845 650 903 uda
673 846 827 917 sisymbria
848 849 975 915 55555155,

62 958 90 1000 55
148 940 215 997 Non
238 940 329 1012 magis
352 941 382 996 in
405 941 522 1012 speculo
547 957 577 996 se
602 939 681 997 videt
703 941 762 997 ulla
783 957 893 1012 parem.

104 1033 162 1092 Sed
185 1040 283 1092 tamen
306 1040 450 1091 extremas
475 1051 527 1091 cur
548 1034 597 1091 illa
620 1036 733 1092 veniret
755 1036 785 1091 in
808 1051 884 1103 oras,

144 1129 227 1186 Vnde
250 1130 354 1200 podem
376 1127 468 1185 ferret
491 1146 583 1200 quove
605 1134 720 1186 teneret
742 1126 818 1186 iter?

102 1223 177 1293 Quin
201 1225 289 1281 etiam
312 1224 404 1299 timui,
428 1223 565 1279 miseram
588 1223 612 1279 si
635 1221 697 1280 fata
719 1224 863 1292 tulissent,

143 1318 263 1375 Mortua
286 1334 322 1374 ne
345 1335 446 1374 sensus
463 1317 585 1374 'luderet
607 1318 710 1374 umbra
733 1335 822 1374 meos.

59 1431 87 1472 55
103 1413 174 1469 Mox
196 1414 292 1484 patuit
315 1411 420 1468 dubiae
444 1412 585 1468 iucundus
609 1412 743 1484 imaginis
767 1427 858 1479 55555,

146 1506 233 1563 Vocis
257 1511 289 1562 ut
312 1511 432 1578 argutae
457 1506 561 1563 detulit
583 1523 655 1563 aura
678 1523 789 1563 sonum.

100 1601 190 1658 Forte
214 1600 319 1658 sedens
342 1601 442 1672 patula
466 1617 518 1657 sua
540 1600 630 1657 verba
653 1600 776 1657 canebat
798 1599 965 1671 inumbra,

144 1695 225 1752 Haeo
247 1696 318 1752 mihi
340 1694 473 1752 fecerunt
496 1695 614 1751 auribus
637 1695 743 1751 hausta
765 1694 861 1751 fidem.

101 1789 229 1861 Cumque
253 1807 333 1847 meos
356 1790 462 1846 horror
485 1789 581 1846 subito
605 1795 792 1860 percurreret
814 1793 904 1857 artus,

57 1901 86 1944 oo
144 1884 280 1955 Frigidus
304 1885 335 1939 in
356 1888 419 1940 toto
445 1900 567 1953 corpore
591 1884 680 1940 sudor
703 1888 775 1940 erat.

99 1978 145 2035 Ex
168 1978 217 2034 illo
240 1976 363 2034 flammis
387 1993 502 2048 semper
524 1977 708 2035 discordibus
731 1995 810 2045 uror,

141 2072 356 2144 Excruciatque
379 2088 481 2129 recens
506 2076 535 2128 51
550 2071 696 2129 redivivus
720 2089 809 2128 amor.

98 2165 178 2238 Ergo
202 2165 264 2224 fere
287 2172 403 2238 portum
427 2183 491 2223 cum
514 2166 571 2222 iam
594 2183 659 2223 mea
681 2167 746 2223 vela
769 2171 914 2239 tenerent,

142 2261 177 2316 In
200 2262 334 2331 scopulos
357 2259 448 2318 facies
472 2261 544 2318 haec
568 2261 639 2317 milii
660 2259 731 2317 feeit
753 2261 819 2317 1155.

55 2371 84 2414 55
99 2354 182 2411 Luna
205 2360 308 2426 quater
330 2355 423 2425 plenis
447 2356 595 2425 reparavit
618 2355 754 2412 cornibus
779 2353 887 2424 orbem,

143 2448 220 2505 Cura
243 2465 297 2505 noc
320 2466 355 2505 ex
378 2449 474 2505 animo
499 2448 601 2506 defluit
623 2449 672 2506 illa
693 2467 769 2507 mco.

98 2541 160 2599 Nec
182 2542 255 2599 libet
277 2544 307 2598 in
329 2543 454 2613 patriam
476 2542 556 2600 15515
578 2544 636 2600 iam
658 2561 730 2615 pace
754 2543 871 2612 reverti,

142 2637 241 2708 Puppe
265 2654 318 2694 noo
342 2638 371 2693 in
394 2636 509 2694 Latium
531 2655 585 2708 per
606 2637 683 2695 freta
705 2639 792 2709 longa
813 2636 889 2693 vehi.

96 2731 193 2788 Durus
217 2736 247 2788 et
268 2732 378 2803 ingenii
400 2730 481 2788 vafer
503 2733 679 2802 experientis
702 2733 801 2790 Vlixes

53 2844 80 2885 ro
139 2827 253 2883 Audaci
276 2827 329 2883 lias
353 2826 499 2898 quondam
522 2827 631 2898 remige
654 2827 741 2883 torsit
764 2842 868 2898 aquas;

95 2920 162 2976 Non
186 2921 286 2977 ithace
309 2922 393 2988 tanti,
417 2937 476 2977 non
498 2921 617 2977 Neritos
641 2921 733 2978 ardua
756 2921 839 2990 tanti,

137 3014 282 3085 Penelope
305 3016 380 3071 tanti
404 3015 456 3071 sod
478 3020 576 3072 tamen
598 3032 656 3072 una
679 3015 742 3072 fuit.

94 3106 138 3163 Sit
161 3109 231 3164 milii
254 3125 320 3178 spes
345 3108 488 3178 dominae,
514 3110 617 3166 mediis
642 3111 686 3167 vel
710 3108 845 3182 Syrtibus
869 3109 969 3169 ausim

137 3201 190 3258 Vel
213 3201 326 3273 Scyllae
351 3203 476 3273 scopulis
500 3204 676 3275 applicuisse
700 3209 807 3276 ratem;

50 3313 78 3355 75
94 3294 160 3365 Ipse
183 3296 298 3352 trabam
320 3295 413 3353 fortes
436 3297 551 3354 innixus
574 3299 605 3354 in
628 3298 730 3357 ordine
754 3314 850 3356 remos

136 3389 297 3462 Vinctaque
320 3392 415 3448 navali
440 3393 579 3464 compede
604 3410 689 3450 crura
712 3409 821 3465 geram.

90 3484 200 3542 Lentus
225 3502 254 3541 cs
279 3503 315 3542 an
339 3487 429 3542 sontis
453 3504 506 3543 rroc
530 3487 625 3544 adhuc
647 3487 797 3545 misereris
819 3484 910 3545 amici

134 3579 176 3636 Et
197 3596 262 3636 moa
284 3579 419 3637 litoribus
442 3581 539 3649 verba,
565 3581 687 3652 Reuate,
712 3576 843 3641 cadunt?
