2476 4050
139 183 179 240 44
442 192 474 238 11.
496 192 626 238 mcoavs
645 193 807 240 arcuatus

195 369 279 440 Quod
303 369 327 426 si
350 387 403 426 nos
426 385 622 442 quaecumque
645 374 743 427 manet
764 373 833 440 post
856 369 972 426 saccula
996 386 1114 428 nomen

137 483 180 525 mo
237 464 299 521 Nec
322 464 407 536 plane
430 464 576 535 ingenium
598 463 709 522 frustra
732 465 788 521 erit
811 480 895 520 omne
917 480 1026 534 meum,

194 559 235 616 Te
258 574 370 632 queque
393 564 529 616 venturos
554 558 715 616 celebrabit
736 557 815 616 fama
836 575 890 629 per
913 574 1007 615 annos

237 653 351 710 Nomen
374 657 404 709 et
427 669 442 709 e
465 657 566 710 nostre
590 654 717 710 carmine
741 657 812 710 nota
834 652 926 723 feres;

196 749 291 821 Atque
315 747 417 819 aliquis
442 746 592 804 ‘Coniunx'
617 748 695 805 dicet
720 747 784 804 ‘fuit
805 749 863 804 ista
886 746 1014 819 Micylii:

238 842 372 911 Pectora,
398 841 453 911 die,
479 842 570 914 qualis
595 842 731 900 iunxerat
753 842 803 899 illa
825 841 924 898 fidesl’

576 999 677 1006 ..—

264 1118 315 1174 Ad
342 1118 491 1175 animum
515 1135 610 1174 suurn
632 1117 752 1175 brevis
777 1117 989 1174 consolatio.

195 1266 289 1322 Multa
312 1265 427 1335 quidem
450 1263 551 1321 infelix
574 1264 664 1321 multa
688 1269 773 1337 atque
797 1264 917 1335 indigna
939 1263 1046 1333 tulisti,

239 1362 262 1415 t)
287 1359 390 1426 anime,
416 1363 446 1415 ct
469 1360 586 1416 summis
610 1358 829 1416 adnumeranda
852 1357 948 1414 malis!

196 1453 254 1511 Sed
278 1471 341 1510 sors
364 1453 436 1510 haee
461 1453 537 1511 vitae
561 1460 613 1522 est,
643 1459 759 1510 nestros
783 1470 856 1524 quae
880 1451 1002 1524 conligit
1025 1469 1129 1513 auitos

240 1548 366 1620 Cumque
390 1548 538 1605 hominum
562 1553 607 1605 est
629 1534 732 1606 cadem
755 1547 927 1605 condicione
954 1552 1016 1604 tua.

168 1642 300 1701 uPert'er
322 1647 352 1700 et
374 1642 500 1701 obdura!
536 1642 605 1712 Quis
630 1643 693 1714 scit,
718 1659 791 1714 quae
815 1647 948 1713 tempora
971 1646 1096 1700 restent

238 1738 299 1794 Aut
320 1736 397 1794 triola
419 1738 482 1808 quis
507 1737 610 1794 dexter·
632 1736 714 1794 finiet
736 1738 794 1794 ista
816 1733 916 1794 Deus?

196 1832 263 1889 Non
286 1848 401 1903 senrper
422 1832 537 1903 pluviae
560 1833 759 1903 glomerant-ur
780 1832 810 1888 in
833 1830 952 1888 aethere
974 1829 1087 1902 nubea,

238 1926 300 1982 Ner.
324 1942 438 1996 semper
460 1925 586 1982 tumidas
610 1925 746 1982 verberat
768 1925 864 1982 Eurus
888 1941 992 1996 aquas3

198 2020 348 2077 Interdum
371 2026 401 2076 et
423 2020 519 2077 caecis
543 2018 591 2076 Sol
614 2020 811 2091 interponitur
833 2019 942 2076 umbris

156 2133 182 2175 1e
240 2114 281 2171 Et
303 2114 380 2171 redit
403 2130 420 2170 a
442 2113 539 2170 multis
564 2114 671 2174 clarior
693 2131 750 2170 una
774 2114 844 2171 dice.

198 2208 293 2279 erere
316 2225 370 2279 age
393 2213 422 2265 tc
447 2207 569 2265 obfirma
591 2214 677 2280 teque
701 2209 739 2266 ad
761 2208 882 2266 meliora
904 2208 1040 2265 reserva!

239 2303 390 2360 Invenient
412 2302 537 2375 aliquam
559 2301 622 2359 fata
643 2303 781 2375 Deusque
804 2304 889 2360 viam.

579 2454 680 2464 ..a-—

206 2579 245 2635 In
269 2576 510 2635 suburbanum
533 2577 773 2635 Iustinianum
797 2577 1054 2636 Heltuhausen.

199 2724 332 2781 Porticus
355 2722 429 2780 haee
451 2723 557 2794 hospes
580 2724 731 2796 vicinaque
754 2722 873 2780 flumina
895 2721 992 2780 tontes

240 2818 279 2875 Et
304 2818 412 2875 circum
435 2818 517 2874 taciti
539 2822 625 2888 prata
647 2834 804 2890 nemusque
828 2818 896 2875 soli:

200 2912 312 2970 Cruenta
335 2929 369 2970 eu
393 2917 460 2969 sunt
482 2912 575 2969 illusis
599 2917 757 2984 teneroque
780 2912 878 2970 dicata
900 2910 1000 2984 Lyaeo

240 3007 280 3063 Et.
301 3006 430 3078 gaudent
453 3012 539 3064 cantu
562 3007 785 3079 rrruneribusque
809 3007 874 3065 Dei.

169 3102 260 3172 elluo
284 3102 352 3160 lieet
375 3102 442 3159 hinc
465 3102 563 3170 ebear,
588 3102 612 3157 si
635 3102 698 3172 quis
721 3119 814 3174 neque
838 3102 966 3160 earmina
990 3118 1080 3160 curas

240 3196 302 3253 Nee
326 3196 402 3253 dulei
425 3196 535 3268 gruudcs
560 3213 612 3253 ora
633 3197 730 3268 rigare
753 3214 843 3254 mero.

199 3289 246 3347 Sic
270 3291 379 3347 (lentini
402 3292 448 3348 lex
472 3299 517 3348 est
541 3296 570 3348 et
593 3292 706 3348 sanctio
729 3291 893 3360 iustiniani,

242 3387 369 3457 Auspice
392 3403 447 3458 quo
470 3385 551 3442 locus
575 3390 621 3442 est
644 3385 777 3443 conditus
800 3387 856 3444 iste
879 3402 964 3443 nouo.
