2476 4050
438 225 458 268 1.
483 223 618 267 IOANNES
639 222 796 268 POSTHIVS.

471 400 524 456 Ad
545 398 762 456 Blandinam.

175 524 272 580 l'anus
296 538 359 594 ego,
384 520 536 588 Blandina,
560 525 625 576 tuas
649 520 717 577 dum
740 519 867 576 carmine
890 519 991 575 laudes

220 617 276 673 Hic
300 615 414 672 celebro
439 620 469 672 et
492 618 621 671 sanctam
645 615 686 671 sic
710 613 762 670 tibi
787 630 870 671 servo
893 612 990 681 fidem,

175 713 227 780 Tu,
252 711 387 783 quoniam
409 709 511 766 levitas
536 715 580 765 est
603 726 718 780 semper
740 709 833 765 amica
854 707 967 779 puellis,

217 805 355 862 Forsitan
378 804 497 861 alterius
520 802 634 874 penida
657 820 755 860 amore
779 803 864 860 cales.

147 901 293 971 alanique
317 898 408 956 oblita
430 899 487 956 mei
510 905 685 970 nostraeque
709 897 800 955 oblita
823 913 980 955 camoenae

220 993 355 1050 Carmina
377 994 452 1051 vatis
476 1011 555 1051 amas
579 999 608 1050 et
632 994 711 1050 canis
735 993 864 1061 alterius,

175 1089 228 1147 Cui
250 1087 332 1146 iestis
357 1105 443 1145 ornas
466 1094 495 1145 te
517 1089 667 1146 luxuriosa
690 1087 801 1153 diebus

218 1184 266 1241 Ad
288 1190 406 1240 teneros
429 1200 589 1254 properans
614 1183 692 1239 culta
713 1183 865 1254 nitensque
890 1182 1004 1239 choros,

176 1279 213 1336 Di
237 1279 348 1346 mehuS,
372 1295 547 1349 maneasque
570 1294 675 1349 precor
697 1278 767 1334 mihi
790 1277 858 1346 fida,
883 1294 1083 1350 necunquam

135 1392 163 1434 m
220 1373 290 1430 Tale
314 1371 382 1443 quid
405 1372 461 1429 hue
484 1372 520 1428 de
544 1378 572 1428 te
594 1370 673 1429 fama
696 1370 805 1429 referre
829 1377 924 1443 queat.

175 1467 241 1538 Ipse
265 1466 380 1538 quidem
403 1471 520 1522 sanctos
544 1482 638 1522 mores
662 1467 843 1538 animumque
867 1465 981 1522 fidelem

219 1561 360 1632 Perspexi
383 1566 412 1617 et
434 1561 532 1629 uitam,
558 1577 626 1617 cara
648 1560 752 1632 puella,
778 1567 870 1631 tuam3

174 1657 257 1713 Nunc
279 1660 376 1712 tamen
400 1655 550 1712 absentem
572 1655 659 1727 longa
681 1655 834 1712 intervalla
856 1656 986 1713 locorum

217 1752 312 1824 Atque
337 1766 418 1808 arnor
440 1751 558 1807 insanus
581 1750 672 1807 multa
694 1750 797 1807 timere
819 1749 899 1807 facit.

492 1972 544 2028 Ad
567 1972 731 2029 erenum.

174 2095 254 2166 Ergo
278 2095 320 2151 ita
341 2093 489 2151 nimbosas
513 2094 624 2166 equites
649 2094 868 2151 conscendimus
892 2094 991 2165 Alpes

218 2187 337 2246 Aurifer
359 2189 435 2245 unde
460 2195 546 2260 caput
569 2188 666 2246 nobile
689 2188 808 2246 Rhenus
832 2189 933 2246 habet!

174 2282 266 2351 Salve,
291 2284 392 2340 Rhene
415 2287 507 2353 pater,
533 2283 631 2340 dulces
654 2284 702 2355 qui
725 2281 843 2355 perfluis
867 2300 963 2355 agros,

217 2377 310 2434 Hausi
333 2376 383 2433 ubi
406 2376 560 2434 luminibus
584 2378 693 2434 lumina
714 2379 809 2449 prima
831 2379 912 2434 meis.

146 2470 287 2538 aCernis,
312 2476 342 2527 ut
366 2471 469 2528 Italiae
493 2472 611 2528 tendam
633 2489 725 2528 novus
749 2473 855 2544 hospes
880 2473 917 2529 ad
941 2489 1016 2541 oraS,

215 2565 253 2622 Vt
276 2566 408 2623 medicae
431 2564 555 2623 referam
579 2567 694 2624 doctior
716 2568 788 2624 artis
812 2584 896 2639 opes,

174 2659 250 2716 Hinc
273 2665 323 2717 tua
346 2661 370 2717 si
394 2661 566 2719 incolumem
588 2678 633 2718 me
657 2659 791 2718 Christus
815 2662 853 2719 ad
876 2678 965 2718 aurea
988 2662 1074 2719 sistet

216 2754 328 2826 Litora,
353 2756 378 2812 si
401 2756 502 2812 reduci
525 2754 638 2814 fulserit
662 2757 712 2813 illa
735 2757 807 2826 dice,
833 2778 836 2786 ·

172 2848 234 2918 Qua
257 2850 355 2907 dulces
378 2851 483 2908 iteruin
504 2852 620 2909 iubeam
644 2852 755 2908 saluere
779 2851 904 2922 sodaleS,

130 2960 158 3001 m
216 2943 375 3002 Blandinae
399 2945 528 3003 referens
553 2946 651 3003 oscula
674 2952 758 3018 grata
780 2963 862 3004 rneae
886 2979 927 2985 —

172 3037 195 3092 o
219 3038 317 3107 quales
340 3039 395 3096 tibi
420 3040 520 3096 Rhene
545 3057 646 3097 carram
669 3042 863 3111 pulcherrime
886 3039 997 3108 laudes,

217 3131 320 3198 Qualia.
343 3132 420 3190 dona
443 3134 495 3191 tibi
519 3140 619 3191 nostra
642 3136 737 3206 puella
760 3135 849 3192 ieret!

172 3223 288 3281 Interea
310 3224 380 3283 felix
402 3229 515 3298 precatis
539 3229 637 3286 labere
661 3230 740 3301 ripis,

215 3317 314 3390 Tuque
337 3321 407 3377 mihi
430 3322 555 3394 longum,
581 3340 649 3380 cara
671 3324 775 3394 puella,
800 3324 878 3381 sale!
