2476 4050
159 195 199 252 30
462 203 482 248 1.
505 202 614 248 rcams
637 204 820 249 scvursrvs.

166 381 277 452 aQuae
301 380 389 438 semel
411 385 444 436 ut
465 379 584 451 placuit,
608 381 676 452 iuga
699 381 751 438 sub
776 383 947 440 saevissima
969 383 1079 454 mittor,

237 477 361 533 Pectore
385 492 436 532 cor
458 475 497 530 mi
520 474 601 543 abiit,
626 474 674 530 lux
699 476 790 532 oculis
814 477 935 548 rapitur.

196 571 276 643 Ergo
299 570 395 638 miser,
420 570 542 638 vinctus
567 586 669 626 vecors
694 576 723 626 et
745 570 860 628 luminis
885 587 997 643 expers

237 664 299 735 Quo
322 663 432 736 fugiam
455 669 506 720 aut
528 661 651 720 abeam?
686 663 762 733 Quid
786 666 896 736 sapiam
919 672 970 724 aut
992 667 1133 726 videam?

614 811 668 867 ΙΙΙ.

197 926 334 996 Agnosco
359 928 389 979 et
409 921 514 991 fateor,
539 923 635 994 gravis
660 927 705 979 est
726 940 791 980 mea
815 924 907 996 culpa,
933 925 1036 998 reliqui

236 1019 276 1075 Te
298 1018 380 1090 prior
403 1034 419 1074 0
444 1017 527 1074 dunis
552 1017 618 1073 diva
642 1017 767 1088 superba
790 1018 862 1074 tuis!

194 1113 253 1171 Sed
275 1118 373 1170 tamen
396 1129 413 1168 ο
436 1112 552 1182 paulum
576 1110 702 1168 lacrimis
727 1113 751 1168 si
774 1110 901 1169 flecteris
924 1113 999 1184 ullis,

232 1208 277 1264 Ne
301 1224 318 1264 a
340 1223 458 1278 peream
482 1207 607 1274 omuino,
633 1222 658 1273 a,
688 1223 724 1262 ue
748 1222 765 1263 a
788 1223 833 1263 me
857 1207 944 1264 abeas
968 1209 1102 1280 penitus!

163 1303 317 1372 sRespice
340 1318 385 1358 me
408 1301 534 1371 paulum,
559 1317 576 1356 0
599 1316 708 1370 poenas
733 1300 808 1358 dabo
833 1302 985 1373 quaslibet,
1010 1321 1096 1362 error

237 1395 356 1467 Impulit
377 1395 430 1451 hus
455 1394 553 1450 oeulos
577 1410 630 1450 ora
653 1394 748 1451 aliena
771 1397 861 1467 sequi.

193 1491 278 1547 Nunc
300 1490 389 1561 igitur
412 1488 579 1544 coniuratos
602 1488 677 1545 male
700 1489 824 1560 perdere
847 1490 965 1562 fratreS,

233 1584 323 1641 Omne
347 1584 385 1640 sit
408 1583 531 1651 arbitrii,
558 1582 632 1650 dira,
657 1584 709 1651 tui,
735 1583 851 1655 Sophie.

192 1679 271 1749 Ques
294 1679 369 1735 male
394 1679 521 1736 aeternis
544 1677 583 1734 mi
606 1678 732 1749 caligare
755 1679 893 1748 tenebris

149 1794 177 1835 10
231 1773 324 1843 Quam
347 1779 492 1830 momento
516 1773 601 1830 horae
625 1773 743 1829 destitui
769 1790 819 1829 cre
843 1780 902 1830 tue.

189 1869 264 1926 Nam
276 1868 344 1940 quid
357 1884 429 1938 opus
445 1867 485 1922 mi
501 1866 600 1934 oculis,
619 1867 642 1922 si
655 1884 713 1923 nou
725 1873 762 1933 te,
778 1868 951 1938 oculissime,
969 1871 1110 1929 cernam?

234 1962 257 2019 0
281 1962 373 2018 aciem
396 1960 493 2031 potius
517 1960 630 2016 torrida
653 1961 749 2016 demat
773 1962 858 2017 acus!

608 2106 656 2162 IV.

294 2219 459 2287 Turturille,
484 2235 589 2278 sonore
613 2217 756 2275 molieellc

293 2314 326 2370 In
350 2313 412 2369 dies
436 2319 486 2369 tua
508 2312 570 2368 fata
593 2313 641 2384 qui
663 2313 799 2383 gemebas

294 2406 481 2477 Rostellcque
506 2406 627 2462 decente
650 2408 864 2465 ruurmurilluus

292 2501 317 2557 Ε
341 2517 427 2556 mauu
450 2499 574 2571 Sophias
598 2500 702 2571 dapem
724 2502 854 2572 petebas

293 2595 445 2665 Quoudam
470 2595 536 2651 dum
561 2594 694 2651 dominae
717 2597 788 2652 mihi
810 2596 935 2666 favores

290 2689 468 2747 Obliviscere
492 2706 568 2745 nuuc
591 2690 634 2745 tui
658 2689 767 2747 doloris

292 2784 332 2840 Et
353 2785 446 2840 nostri
470 2800 581 2840 memm·
603 2800 693 2855 usque
717 2802 793 2842 nunc
815 2786 946 2858 querelas

290 2878 419 2935 llaicres
443 2879 529 2935 sclito
554 2879 597 2935 eie
621 2895 655 2934 ac
677 2877 845 2950 frequenter

295 2973 356 3030 Imc
380 2978 500 3045 pectore
523 2990 643 3043 prorsus
667 2973 823 3044 ingemisce

289 3068 405 3124 llecum
428 3084 484 3123 uua
507 3083 581 3123 meu.
617 3066 685 3122 l'ita
707 3066 769 3123 fors
793 3068 902 3125 doloris

290 3161 505 3219 Reecrdabitur
528 3162 604 3230 hine,
629 3161 686 3217 mei
709 3161 837 3219 miserta.

291 3255 367 3313 Fors
390 3257 517 3327 suspiria
540 3256 608 3327 quid
631 3260 682 3312 tuu·
704 3256 910 3327 impetruluuit,

288 3349 362 3407 Fors
386 3351 528 3423 quaedam
552 3351 618 3406 hine
643 3349 756 3421 requies
780 3367 844 3407 rum»
868 3351 970 3409 luburi.
