2476 4050
566 695 630 751 VII.

386 832 527 890 TOBIAS
550 832 809 890 TRAOHELIVS.

377 953 429 1009 Ad
457 952 601 1009 Paulum
629 952 819 1011 Sutorium.

225 1064 360 1123 Libertas
384 1064 447 1132 fuit,
474 1070 518 1120 est
542 1065 654 1135 eritque
678 1083 793 1137 semper

331 1159 389 1216 Sua
413 1158 557 1215 candidae
581 1159 739 1230 sophorum

278 1254 402 1322 Turbae,
428 1253 484 1310 sibi
509 1270 573 1309 eum
596 1255 753 1311 serenioris

380 1348 463 1405 Bona
486 1349 591 1404 mentis
615 1349 719 1420 ampla.

134 1549 142 1559 .
227 1504 357 1560 Naturae
380 1502 517 1574 penetral
541 1518 595 1572 per
617 1502 747 1559 abditum
768 1505 854 1576 aequi
875 1509 903 1561 et

328 1596 431 1655 Studio
455 1613 560 1667 sagaee
584 1597 644 1653 veri

279 1692 427 1762 Quaerunt
452 1693 596 1763 genioque
619 1691 729 1762 gramle
752 1693 852 1749 mundi

383 1786 471 1858 Opus,
496 1786 628 1842 aethram
651 1792 680 1843 et
703 1791 783 1844 astra

228 1941 409 2013 Supponunt.
446 1940 551 1996 Animo
575 1940 647 1996 haee
672 1941 747 1998 enim
770 1940 863 1999 indita
887 1949 932 1999 est
955 1945 1007 2013 riS,

333 2034 372 2090 Vt
395 2035 432 2091 ad
456 2035 550 2090 instar
572 2035 647 2105 ignis
671 2035 723 2090 alti

280 2130 416 2200 Invergat
440 2129 477 2185 art
501 2128 560 2185 alta
583 2133 612 2185 et
636 2129 695 2185 alta
718 2134 817 2186 verrat

383 2224 555 2294 Renuatque
578 2222 669 2279 furvis

228 2378 265 2436 Se
288 2377 397 2434 includi
420 2376 540 2433 latebris
565 2377 617 2445 rei,
642 2378 810 2450 priusquam

335 2472 500 2529 Penetrarit
524 2488 608 2528 omne
632 2478 719 2529 aeuta

284 2567 413 2623 Finitum
437 2567 498 2623 aeio
522 2566 674 2623 beatitatis

384 2660 504 2718 Sacram
527 2660 564 2717 ad
588 2678 678 2732 nsque
703 2662 811 2718 sedem.

235 2815 258 2873 O
282 2833 329 2872 res
352 2814 453 2881 libera,
479 2831 551 2886 qnae
574 2831 676 2885 parum
699 2814 781 2872 libris
804 2830 885 2873 mens

333 2910 546 2980 Hominumque
571 2909 700 2979 opinioni
724 2916 769 2966 est

283 3003 404 3061 Adfixa!
440 3003 498 3060 Sed
521 3004 587 3073 ipsa
610 3011 762 3074 promovet
785 3023 816 3063 se

386 3098 453 3155 Sine
478 3098 576 3155 taedio
600 3099 629 3155 in
654 3115 694 3167 se,

234 3253 270 3311 Vt
292 3270 397 3325 magno
421 3253 477 3309 boe
499 3252 585 3309 homo
610 3269 640 3308 se
664 3253 779 3310 intuens
802 3255 833 3311 in
856 3257 927 3313 orbe

335 3346 457 3418 Speculo
482 3347 560 3403 velut
582 3347 708 3404 micante

284 3442 394 3498 Parvus
418 3441 515 3512 speeie
539 3441 672 3513 elegante
695 3443 818 3500 mundus

387 3536 530 3593 Videatur
553 3552 626 3592 esse.
