2476 4050
432 221 462 266 11.
485 220 614 266 lacosvs
637 221 797 265 MICYLLVS.

213 399 253 456 Et
276 399 401 470 spatium
423 396 509 455 fessis
532 403 634 455 vontus
659 402 688 454 et
710 397 789 454 unda
811 395 901 453 dedit.

130 512 158 553 ca
173 493 230 550 Hic
252 510 305 550 nos
329 497 397 549 tunc
419 493 543 563 primum
565 493 683 549 iuvenes
707 490 854 549 aetatibus
878 488 978 547 ambos

215 589 376 644 lunxerunt
399 587 526 644 thalamo
549 586 612 643 fata
635 587 764 658 deusque
787 602 872 654 novo,

174 682 244 738 Cum
268 670 321 739 tibi
345 681 512 750 deficerent,
538 687 726 752 superessent
748 686 808 737 tres
832 680 902 736 mihi
925 694 1043 746 messos,

214 776 259 834 Ne
281 776 413 834 facerent
436 794 526 834 annos
550 777 594 834 bis
619 776 676 833 duo
699 777 792 832 lustra
814 791 909 847 pares.

173 872 230 929 Saul
252 889 345 944 neque
368 877 437 929 tunc
459 889 547 943 passu
569 870 658 928 fallax
680 869 798 928 fortuna
821 869 917 926 tenaci

129 986 157 1027 10
216 965 355 1024 Constitit
377 973 428 1024 aut
452 972 532 1023 certo
555 965 621 1023 fixit
643 967 673 1022 in
696 965 767 1022 orbe
790 965 903 1036 pedem.

172 1062 246 1119 Nam
271 1062 355 1118 simul
378 1078 412 1118 ac
435 1062 520 1132 coepi
542 1077 647 1132 paruas
672 1076 845 1131 componere
869 1058 953 1115 sedes

215 1157 333 1228 lamque
356 1157 452 1228 aliquo
477 1155 575 1213 stabat
597 1155 714 1212 condita
737 1154 828 1211 Vesta
850 1151 926 1221 foco,

172 1251 316 1308 (lontinuo
339 1251 470 1322 placidos
494 1251 582 1308 vertit
606 1251 661 1306 dea
682 1249 795 1306 lubrica
817 1248 922 1317 vultuS,

215 1346 342 1417 Moxque
365 1346 443 1403 redit
465 1345 536 1403 velis
560 1346 674 1402 tristior
696 1361 768 1402 aura
790 1344 871 1400 meis¹

129 1459 156 1500 11
170 1441 221 1498 Bis
245 1441 321 1498 vitae
347 1445 442 1497 certos
466 1441 549 1511 coepi
573 1440 729 1510 sedemque
751 1439 913 1509 Laremque

216 1537 328 1593 Ponere
351 1534 467 1592 vitifero
490 1537 629 1607 margine,
654 1534 770 1602 Moeno,
795 1539 854 1589 tuo.

172 1631 223 1686 llis
247 1630 321 1686 redii
344 1629 446 1686 infelix
467 1631 586 1685 mutatis
612 1628 744 1686 cursibus
768 1627 832 1684 aevi

216 1724 290 1789 Huc,
315 1723 366 1779 ubi
386 1723 509 1780 liberior
530 1723 619 1780 Nicer
640 1723 670 1779 in
694 1739 764 1779 arva
786 1721 853 1787 ruit,

174 1818 239 1875 Sive
262 1818 305 1874 ita
326 1818 458 1874 nascenti
482 1817 585 1874 statuit
608 1816 739 1890 Cyllenia
762 1816 847 1872 stella

129 1933 157 1972 so
214 1913 369 1984 Linigerae
393 1912 465 1969 duro
488 1912 618 1984 pondere
641 1928 743 1983 pressa
767 1911 839 1968 deae

172 2007 238 2065 Sive
261 2024 370 2064 arcana
391 2007 465 2064 latet
486 2005 625 2064 fatorum
639 2023 727 2064 causa
750 2005 878 2076 deusque

215 2102 269 2158 His
292 2101 384 2158 voluit
407 2101 484 2157 curis
507 2106 641 2172 tempora
662 2105 764 2157 nostra
786 2100 888 2171 premi.

173 2195 231 2252 Sed
254 2200 352 2251 tamen
374 2195 447 2252 11000
470 2212 639 2267 quacunque
661 2194 717 2251 fuit
739 2194 809 2273 milri
833 2197 912 2251 sorte
934 2197 1062 2265 peracta,

216 2289 375 2346 Praesidiis
398 2293 462 2346 tota
485 2294 530 2346 est
552 2290 612 2347 vita
634 2294 755 2361 peracta
778 2289 844 2346 tuis.

128 2403 156 2444 ea
173 2384 215 2440 Tu
237 2384 330 2441 nostri
354 2383 484 2442 solamen
506 2401 580 2453 eras,
605 2390 637 2441 tu
661 2402 730 2442 cura
751 2383 871 2454 laboris,

215 2479 259 2535 Tu
281 2479 426 2536 medicina
448 2479 531 2536 malis
555 2480 696 2537 hactenns
719 2497 779 2536 una
801 2479 882 2548 meis,

172 2573 248 2630 1111111
269 2573 350 2630 Deus
374 2577 403 2630 et
426 2574 529 2631 melior
551 2575 611 2631 vita
633 2573 752 2632 fortuna
773 2573 919 2631 fruentem

215 2668 307 2725 Passa
330 2674 375 2724 est
397 2674 426 2725 te
450 2669 585 2726 comitem
609 2669 724 2726 casibus
750 2686 813 2727 esse
836 2669 917 2726 meis

173 2763 212 2818 At
235 2779 310 2818 nunc
332 2763 466 2819 humanis
490 2762 605 2820 sublata
628 2769 657 2820 te
681 2780 793 2835 quoque
816 2763 903 2820 rebus

128 2878 157 2915 oo
215 2856 346 2912 Dimidia
368 2862 470 2913 nostra
493 2863 577 2928 parte
600 2862 723 2914 vacante
747 2858 843 2927 domo,

173 2950 238 3007 Heu
261 2949 325 3007 fera
346 2949 409 3007 fata
433 2950 530 3020 (laum,
555 2951 637 3009 iaceo
662 2953 751 3009 miser
771 2953 835 3024 ipsc
858 2952 992 3023 iacotque

216 3044 369 3102 Praesidio
394 3045 533 3117 quidquid
558 3047 690 3103 constitit
712 3053 778 3106 ante
802 3052 862 3104 tuo.

172 3140 239 3196 Non
262 3157 327 3218 spes
351 3140 409 3197 ulla
432 3141 511 3210 mihi,
536 3158 595 3198 non
617 3142 676 3199 11110
698 3142 841 3200 levamina
865 3159 970 3211 rerum,

215 3234 319 3292 Omnia
343 3252 407 3292 cum
430 3237 491 3293 vita
512 3253 591 3294 mors
614 3237 681 3294 tulit
704 3243 769 3294 atra
792 3244 851 3295 tua.

129 3329 351 3401 usquecunque
375 3331 495 3401 aspicio,
520 3331 646 3388 subeunt
668 3333 849 3405 gemitusque
873 3332 1012 3402 dolorque

215 3421 326 3495 Quique
350 3424 425 3480 solet
446 3426 546 3482 vacuis
570 3425 677 3483 horror
698 3427 794 3484 inesse
817 3427 900 3484 locis.

172 3515 230 3574 Seu
252 3517 339 3589 vigilo
362 3517 473 3588 infelix,
496 3520 628 3592 vigilanti
652 3522 780 3578 occurrit
801 3522 906 3593 image,

215 3610 296 3681 Quae
319 3611 407 3670 feriat
430 3629 517 3671 sensu
538 3620 661 3686 pectora
683 3621 785 3673 nostra
808 3617 864 3689 tui;
