<?xml version="1.0" encoding="UTF-8"?>
<!DOCTYPE html PUBLIC "-//W3C//DTD XHTML 1.0 Transitional//EN"
    "http://www.w3.org/TR/xhtml1/DTD/xhtml1-transitional.dtd">
<html xmlns="http://www.w3.org/1999/xhtml" xml:lang="en" lang="en">
 <head>
  <title>
</title>
<meta http-equiv="Content-Type" content="text/html;charset=utf-8" />
  <meta name='ocr-system' content='tesseract 3.04.00' />
  <meta name='ocr-capabilities' content='ocr_page ocr_carea ocr_par ocr_line ocrx_word'/>
</head>
<body>
  <div class='ocr_page' id='page_1' title='image "./deutschelyriker01elligoog_0126.png"; bbox 0 0 2476 4050; ppageno 0'>
   <div class='ocr_carea' id='block_1_1' title="bbox 135 169 1024 232">
    <p class='ocr_par' dir='ltr' id='par_1_1' title="bbox 135 169 1024 232">
     <span class='ocr_line' id='line_1_1' title="bbox 135 169 1024 232; baseline 0.006 -6"><span class='ocrx_word' id='word_1_1' title='bbox 135 169 173 227; x_wconf 76' lang='lat'>78</span> <span class='ocrx_word' id='word_1_2' title='bbox 218 179 260 228; x_wconf 82' lang='lat' dir='ltr'>vi.</span> <span class='ocrx_word' id='word_1_3' title='bbox 287 180 483 227; x_wconf 78' lang='lat' dir='ltr'>vuuuunuvs</span> <span class='ocrx_word' id='word_1_4' title='bbox 506 180 708 228; x_wconf 76' lang='lat' dir='ltr'>scunueurvs.</span> <span class='ocrx_word' id='word_1_5' title='bbox 744 183 878 229; x_wconf 70' lang='lat' dir='ltr'>ieiuniis</span> <span class='ocrx_word' id='word_1_6' title='bbox 900 186 1024 232; x_wconf 71' lang='lat' dir='ltr'>ursive.</span> 
     </span>
    </p>
   </div>
   <div class='ocr_carea' id='block_1_2' title="bbox 293 357 931 2229">
    <p class='ocr_par' dir='ltr' id='par_1_2' title="bbox 381 357 923 523">
     <span class='ocr_line' id='line_1_2' title="bbox 445 357 923 432; baseline 0.008 -18"><span class='ocrx_word' id='word_1_7' title='bbox 445 357 468 414; x_wconf 89' lang='grc' dir='ltr'><strong>Ο</strong></span> <span class='ocrx_word' id='word_1_8' title='bbox 493 375 598 428; x_wconf 85' lang='lat' dir='ltr'>sponse</span> <span class='ocrx_word' id='word_1_9' title='bbox 622 357 746 430; x_wconf 79' lang='lat' dir='ltr'>Christe,</span> <span class='ocrx_word' id='word_1_10' title='bbox 771 361 820 432; x_wconf 88' lang='lat' dir='ltr'>qui</span> <span class='ocrx_word' id='word_1_11' title='bbox 842 366 923 418; x_wconf 82' lang='lat' dir='ltr'>tuam</span> 
     </span>
     <span class='ocr_line' id='line_1_3' title="bbox 381 452 777 523; baseline 0.008 -15"><span class='ocrx_word' id='word_1_12' title='bbox 381 452 447 508; x_wconf 90' lang='lat' dir='ltr'>Tibi</span> <span class='ocrx_word' id='word_1_13' title='bbox 471 452 590 522; x_wconf 82' lang='lat' dir='ltr'>copulas</span> <span class='ocrx_word' id='word_1_14' title='bbox 614 454 777 523; x_wconf 79' lang='lat' dir='ltr'>eeclesiam,</span> 
     </span>
    </p>

    <p class='ocr_par' dir='ltr' id='par_1_3' title="bbox 380 546 931 715">
     <span class='ocr_line' id='line_1_4' title="bbox 380 546 931 616; baseline 0.011 -14"><span class='ocrx_word' id='word_1_15' title='bbox 380 546 472 616; x_wconf 80' lang='lat' dir='ltr'>Quum</span> <span class='ocrx_word' id='word_1_16' title='bbox 495 551 574 603; x_wconf 82' lang='lat' dir='ltr'>stans</span> <span class='ocrx_word' id='word_1_17' title='bbox 599 549 692 604; x_wconf 84' lang='lat' dir='ltr'>erneis</span> <span class='ocrx_word' id='word_1_18' title='bbox 716 549 754 606; x_wconf 80' lang='lat' dir='ltr'>ed</span> <span class='ocrx_word' id='word_1_19' title='bbox 777 567 858 607; x_wconf 82' lang='lat' dir='ltr'>aram</span> <span class='ocrx_word' id='word_1_20' title='bbox 881 556 931 608; x_wconf 78' lang='lat' dir='ltr'>tue</span> 
     </span>
     <span class='ocr_line' id='line_1_5' title="bbox 381 641 806 715; baseline 0.007 -17"><span class='ocrx_word' id='word_1_21' title='bbox 381 641 492 698; x_wconf 82' lang='lat' dir='ltr'>Cruere</span> <span class='ocrx_word' id='word_1_22' title='bbox 514 642 651 698; x_wconf 85' lang='lat' dir='ltr'>mundam</span> <span class='ocrx_word' id='word_1_23' title='bbox 674 644 806 715; x_wconf 84' lang='lat' dir='ltr'>suscipis,</span> 
     </span>
    </p>

    <p class='ocr_par' dir='ltr' id='par_1_4' title="bbox 381 735 817 996">
     <span class='ocr_line' id='line_1_6' title="bbox 445 735 817 807; baseline 0.013 -16"><span class='ocrx_word' id='word_1_24' title='bbox 445 735 506 792; x_wconf 88' lang='lat' dir='ltr'>Nes</span> <span class='ocrx_word' id='word_1_25' title='bbox 530 753 547 792; x_wconf 85' lang='lat' dir='ltr'>a</span> <span class='ocrx_word' id='word_1_26' title='bbox 569 735 699 807; x_wconf 81' lang='lat' dir='ltr'>profanis</span> <span class='ocrx_word' id='word_1_27' title='bbox 724 740 817 796; x_wconf 85' lang='lat' dir='ltr'>exime</span> 
     </span>
     <span class='ocr_line' id='line_1_7' title="bbox 381 829 794 900; baseline 0.007 -14"><span class='ocrx_word' id='word_1_28' title='bbox 381 829 585 900; x_wconf 88' lang='lat' dir='ltr'>Spernentium</span> <span class='ocrx_word' id='word_1_29' title='bbox 608 835 637 888; x_wconf 87' lang='lat' dir='ltr'>te</span> <span class='ocrx_word' id='word_1_30' title='bbox 662 832 794 889; x_wconf 76' lang='lat' dir='ltr'>coetibus</span> 
     </span>
     <span class='ocr_line' id='line_1_8' title="bbox 381 924 791 996; baseline 0.015 -17"><span class='ocrx_word' id='word_1_31' title='bbox 381 924 422 980; x_wconf 81' lang='lat' dir='ltr'>Et</span> <span class='ocrx_word' id='word_1_32' title='bbox 443 925 521 980; x_wconf 88' lang='lat' dir='ltr'>inter</span> <span class='ocrx_word' id='word_1_33' title='bbox 542 925 616 981; x_wconf 81' lang='lat' dir='ltr'>iram</span> <span class='ocrx_word' id='word_1_34' title='bbox 638 926 791 996; x_wconf 82' lang='lat' dir='ltr'>vindicem,</span> 
     </span>
    </p>

    <p class='ocr_par' dir='ltr' id='par_1_5' title="bbox 380 1018 879 1095">
     <span class='ocr_line' id='line_1_9' title="bbox 380 1018 879 1095; baseline 0.01 -20"><span class='ocrx_word' id='word_1_35' title='bbox 380 1018 461 1088; x_wconf 74' lang='lat' dir='ltr'>Quae</span> <span class='ocrx_word' id='word_1_36' title='bbox 483 1019 567 1090; x_wconf 78' lang='lat' dir='ltr'>punit</span> <span class='ocrx_word' id='word_1_37' title='bbox 590 1019 699 1088; x_wconf 84' lang='lat' dir='ltr'>orbern,</span> <span class='ocrx_word' id='word_1_38' title='bbox 723 1039 775 1078; x_wconf 87' lang='lat' dir='ltr'>nes</span> <span class='ocrx_word' id='word_1_39' title='bbox 799 1024 879 1095; x_wconf 87' lang='lat' dir='ltr'>tege!</span> 
     </span>
    </p>

    <p class='ocr_par' dir='ltr' id='par_1_6' title="bbox 382 1114 883 1470">
     <span class='ocr_line' id='line_1_10' title="bbox 445 1114 883 1176; baseline 0.016 -7"><span class='ocrx_word' id='word_1_40' title='bbox 445 1114 488 1169; x_wconf 91' lang='lat' dir='ltr'>Tu</span> <span class='ocrx_word' id='word_1_41' title='bbox 511 1131 582 1171; x_wconf 84' lang='lat' dir='ltr'>voce</span> <span class='ocrx_word' id='word_1_42' title='bbox 606 1131 658 1171; x_wconf 88' lang='lat' dir='ltr'>nes</span> <span class='ocrx_word' id='word_1_43' title='bbox 683 1116 808 1174; x_wconf 84' lang='lat' dir='ltr'>clemens</span> <span class='ocrx_word' id='word_1_44' title='bbox 833 1124 883 1176; x_wconf 81' lang='lat' dir='ltr'>tue</span> 
     </span>
     <span class='ocr_line' id='line_1_11' title="bbox 384 1209 766 1268; baseline 0.01 -5"><span class='ocrx_word' id='word_1_45' title='bbox 384 1209 429 1264; x_wconf 89' lang='lat' dir='ltr'>Ad</span> <span class='ocrx_word' id='word_1_46' title='bbox 454 1214 483 1264; x_wconf 77' lang='lat' dir='ltr'>ie</span> <span class='ocrx_word' id='word_1_47' title='bbox 505 1214 626 1266; x_wconf 82' lang='lat' dir='ltr'>vocatos</span> <span class='ocrx_word' id='word_1_48' title='bbox 650 1211 766 1268; x_wconf 82' lang='lat' dir='ltr'>attrahe</span> 
     </span>
     <span class='ocr_line' id='line_1_12' title="bbox 383 1302 763 1376; baseline 0.011 -18"><span class='ocrx_word' id='word_1_49' title='bbox 383 1302 506 1373; x_wconf 88' lang='lat' dir='ltr'>Tibique</span> <span class='ocrx_word' id='word_1_50' title='bbox 529 1320 581 1360; x_wconf 88' lang='lat' dir='ltr'>nos</span> <span class='ocrx_word' id='word_1_51' title='bbox 605 1304 635 1360; x_wconf 91' lang='lat' dir='ltr'>in</span> <span class='ocrx_word' id='word_1_52' title='bbox 659 1306 763 1376; x_wconf 88' lang='lat' dir='ltr'>spiritu</span> 
     </span>
     <span class='ocr_line' id='line_1_13' title="bbox 382 1397 705 1470; baseline 0.009 -18"><span class='ocrx_word' id='word_1_53' title='bbox 382 1397 422 1453; x_wconf 84' lang='lat' dir='ltr'>Et</span> <span class='ocrx_word' id='word_1_54' title='bbox 445 1398 568 1454; x_wconf 82' lang='lat' dir='ltr'>veritate</span> <span class='ocrx_word' id='word_1_55' title='bbox 593 1400 705 1470; x_wconf 81' lang='lat' dir='ltr'>copula,</span> 
     </span>
    </p>

    <p class='ocr_par' dir='ltr' id='par_1_7' title="bbox 447 1491 831 1554">
     <span class='ocr_line' id='line_1_14' title="bbox 447 1491 831 1554; baseline 0.01 -6"><span class='ocrx_word' id='word_1_56' title='bbox 447 1491 576 1554; x_wconf 83' lang='lat' dir='ltr'>Seivanti</span> <span class='ocrx_word' id='word_1_57' title='bbox 600 1499 632 1549; x_wconf 75' lang='lat' dir='ltr'>ut</span> <span class='ocrx_word' id='word_1_58' title='bbox 656 1496 751 1551; x_wconf 79' lang='lat' dir='ltr'>ornati</span> <span class='ocrx_word' id='word_1_59' title='bbox 773 1495 831 1552; x_wconf 81' lang='lat' dir='ltr'>fide</span> 
     </span>
    </p>

    <p class='ocr_par' dir='ltr' id='par_1_8' title="bbox 293 1588 781 1849">
     <span class='ocr_line' id='line_1_15' title="bbox 293 1588 725 1659; baseline 0.005 -16"><span class='ocrx_word' id='word_1_60' title='bbox 293 1649 295 1652; x_wconf 7' lang='grc' dir='ltr'><em>Α</em></span> <span class='ocrx_word' id='word_1_61' title='bbox 382 1588 521 1659; x_wconf 84' lang='lat' dir='ltr'>Bonaque</span> <span class='ocrx_word' id='word_1_62' title='bbox 547 1589 725 1645; x_wconf 79' lang='lat' dir='ltr'>conscientia</span> 
     </span>
     <span class='ocr_line' id='line_1_16' title="bbox 384 1682 744 1754; baseline 0 -14"><span class='ocrx_word' id='word_1_63' title='bbox 384 1682 610 1754; x_wconf 81' lang='lat' dir='ltr'>Compareurnus</span> <span class='ocrx_word' id='word_1_64' title='bbox 634 1683 664 1738; x_wconf 94' lang='lat' dir='ltr'>in</span> <span class='ocrx_word' id='word_1_65' title='bbox 687 1685 744 1740; x_wconf 81' lang='lat' dir='ltr'>tuis</span> 
     </span>
     <span class='ocr_line' id='line_1_17' title="bbox 382 1777 781 1849; baseline 0.003 -14"><span class='ocrx_word' id='word_1_66' title='bbox 382 1777 493 1835; x_wconf 86' lang='lat' dir='ltr'>Mundo</span> <span class='ocrx_word' id='word_1_67' title='bbox 518 1782 639 1834; x_wconf 78' lang='lat' dir='ltr'>evocato</span> <span class='ocrx_word' id='word_1_68' title='bbox 663 1779 781 1849; x_wconf 88' lang='lat' dir='ltr'>nuptiis,</span> 
     </span>
    </p>

    <p class='ocr_par' dir='ltr' id='par_1_9' title="bbox 382 1872 858 2229">
     <span class='ocr_line' id='line_1_18' title="bbox 446 1872 858 1944; baseline 0.005 -16"><span class='ocrx_word' id='word_1_69' title='bbox 446 1872 550 1928; x_wconf 79' lang='lat' dir='ltr'>Electa</span> <span class='ocrx_word' id='word_1_70' title='bbox 572 1889 642 1942; x_wconf 88' lang='lat' dir='ltr'>gens</span> <span class='ocrx_word' id='word_1_71' title='bbox 667 1873 782 1944; x_wconf 82' lang='lat' dir='ltr'>quando</span> <span class='ocrx_word' id='word_1_72' title='bbox 806 1873 858 1930; x_wconf 83' lang='lat' dir='ltr'>tibi</span> 
     </span>
     <span class='ocr_line' id='line_1_19' title="bbox 382 1967 761 2037; baseline 0 -14"><span class='ocrx_word' id='word_1_73' title='bbox 382 1967 522 2037; x_wconf 79' lang='lat' dir='ltr'>iungetur</span> <span class='ocrx_word' id='word_1_74' title='bbox 544 1967 573 2022; x_wconf 90' lang='lat' dir='ltr'>in</span> <span class='ocrx_word' id='word_1_75' title='bbox 598 1973 683 2023; x_wconf 82' lang='lat' dir='ltr'>coetu</span> <span class='ocrx_word' id='word_1_76' title='bbox 704 1967 761 2025; x_wconf 90' lang='lat' dir='ltr'>Dei</span> 
     </span>
     <span class='ocr_line' id='line_1_20' title="bbox 382 2061 782 2135; baseline -0.003 -15"><span class='ocrx_word' id='word_1_77' title='bbox 382 2063 626 2135; x_wconf 82' lang='lat' dir='ltr'>Hypeerytueque</span> <span class='ocrx_word' id='word_1_78' title='bbox 651 2061 782 2119; x_wconf 82' lang='lat' dir='ltr'>turbidas</span> 
     </span>
     <span class='ocr_line' id='line_1_21' title="bbox 383 2156 763 2229; baseline -0.005 -15"><span class='ocrx_word' id='word_1_79' title='bbox 383 2158 541 2215; x_wconf 78' lang='lat' dir='ltr'>Mittuntur</span> <span class='ocrx_word' id='word_1_80' title='bbox 563 2156 593 2212; x_wconf 91' lang='lat' dir='ltr'>in</span> <span class='ocrx_word' id='word_1_81' title='bbox 616 2157 763 2229; x_wconf 79' lang='lat' dir='ltr'>caligines.</span> 
     </span>
    </p>
   </div>
   <div class='ocr_carea' id='block_1_3' title="bbox 442 2515 795 2709">
    <p class='ocr_par' dir='ltr' id='par_1_10' title="bbox 442 2515 795 2709">
     <span class='ocr_line' id='line_1_22' title="bbox 442 2515 795 2573; baseline -0.003 0"><span class='ocrx_word' id='word_1_82' title='bbox 442 2515 615 2573; x_wconf 83' lang='lat' dir='ltr'>IOANNES</span> <span class='ocrx_word' id='word_1_83' title='bbox 639 2515 795 2573; x_wconf 78' lang='lat' dir='ltr'>MYLIVS‚</span> 
     </span>
     <span class='ocr_line' id='line_1_23' title="bbox 577 2652 659 2709; baseline -0.012 0"><span class='ocrx_word' id='word_1_84' title='bbox 577 2652 659 2709; x_wconf 80' lang='lat' dir='ltr'>Ode.</span> 
     </span>
    </p>
   </div>
   <div class='ocr_carea' id='block_1_4' title="bbox 162 2781 1072 2857">
    <p class='ocr_par' dir='ltr' id='par_1_11' title="bbox 162 2781 1072 2857">
     <span class='ocr_line' id='line_1_24' title="bbox 162 2781 1072 2857; baseline -0.002 -14"><span class='ocrx_word' id='word_1_85' title='bbox 162 2785 335 2857; x_wconf 82' lang='lat' dir='ltr'>Iosephus</span> <span class='ocrx_word' id='word_1_86' title='bbox 361 2800 433 2840; x_wconf 88' lang='lat' dir='ltr'>euru</span> <span class='ocrx_word' id='word_1_87' title='bbox 456 2799 566 2854; x_wconf 83' lang='lat' dir='ltr'>puero</span> <span class='ocrx_word' id='word_1_88' title='bbox 590 2781 732 2854; x_wconf 78' lang='lat' dir='ltr'>fugiens</span> <span class='ocrx_word' id='word_1_89' title='bbox 755 2783 904 2840; x_wconf 84' lang='lat' dir='ltr'>Mariam</span> <span class='ocrx_word' id='word_1_90' title='bbox 927 2785 1072 2842; x_wconf 82' lang='lat' dir='ltr'>excitat.</span> 
     </span>
    </p>
   </div>
   <div class='ocr_carea' id='block_1_5' title="bbox 147 2910 948 3645">
    <p class='ocr_par' dir='ltr' id='par_1_12' title="bbox 175 2910 939 3078">
     <span class='ocr_line' id='line_1_25' title="bbox 175 2910 939 2987; baseline -0.005 -15"><span class='ocrx_word' id='word_1_91' title='bbox 175 2914 277 2987; x_wconf 82' lang='lat' dir='ltr'>Surge,</span> <span class='ocrx_word' id='word_1_92' title='bbox 300 2914 356 2970; x_wconf 89' lang='lat' dir='ltr'>Dei</span> <span class='ocrx_word' id='word_1_93' title='bbox 380 2913 521 2985; x_wconf 81' lang='lat' dir='ltr'>genetrix,</span> <span class='ocrx_word' id='word_1_94' title='bbox 546 2911 606 2968; x_wconf 89' lang='lat' dir='ltr'>Nili</span> <span class='ocrx_word' id='word_1_95' title='bbox 630 2910 773 2983; x_wconf 85' lang='lat' dir='ltr'>fugiamus</span> <span class='ocrx_word' id='word_1_96' title='bbox 799 2912 837 2968; x_wconf 86' lang='lat' dir='ltr'>ud</span> <span class='ocrx_word' id='word_1_97' title='bbox 862 2929 939 2979; x_wconf 79' lang='lat' dir='ltr'>eree,</span> 
     </span>
     <span class='ocr_line' id='line_1_26' title="bbox 331 3007 780 3078; baseline -0.009 -13"><span class='ocrx_word' id='word_1_98' title='bbox 331 3007 379 3065; x_wconf 81' lang='lat' dir='ltr'>Sic</span> <span class='ocrx_word' id='word_1_99' title='bbox 402 3007 521 3064; x_wconf 80' lang='lat' dir='ltr'>mundet</span> <span class='ocrx_word' id='word_1_100' title='bbox 545 3007 664 3078; x_wconf 85' lang='lat' dir='ltr'>angelus</span> <span class='ocrx_word' id='word_1_101' title='bbox 688 3023 780 3063; x_wconf 84' lang='lat' dir='ltr'>saeer.</span> 
     </span>
    </p>

    <p class='ocr_par' dir='ltr' id='par_1_13' title="bbox 177 3101 904 3265">
     <span class='ocr_line' id='line_1_27' title="bbox 177 3101 904 3170; baseline -0.004 -10"><span class='ocrx_word' id='word_1_102' title='bbox 177 3102 310 3161; x_wconf 89' lang='lat' dir='ltr'>Perfidus</span> <span class='ocrx_word' id='word_1_103' title='bbox 334 3101 468 3159; x_wconf 85' lang='lat' dir='ltr'>Heredes</span> <span class='ocrx_word' id='word_1_104' title='bbox 492 3101 644 3157; x_wconf 76' lang='lat' dir='ltr'>minitatur</span> <span class='ocrx_word' id='word_1_105' title='bbox 666 3101 785 3157; x_wconf 82' lang='lat' dir='ltr'>vulnera</span> <span class='ocrx_word' id='word_1_106' title='bbox 809 3118 904 3170; x_wconf 79' lang='lat' dir='ltr'>saeva,</span> 
     </span>
     <span class='ocr_line' id='line_1_28' title="bbox 329 3194 737 3265; baseline -0.007 -12"><span class='ocrx_word' id='word_1_107' title='bbox 329 3197 444 3253; x_wconf 83' lang='lat' dir='ltr'>Neeare</span> <span class='ocrx_word' id='word_1_108' title='bbox 467 3196 527 3253; x_wconf 80' lang='lat' dir='ltr'>iarn</span> <span class='ocrx_word' id='word_1_109' title='bbox 551 3197 611 3252; x_wconf 89' lang='lat' dir='ltr'>vult</span> <span class='ocrx_word' id='word_1_110' title='bbox 633 3194 737 3265; x_wconf 73' lang='lat' dir='ltr'>filiuni,</span> 
     </span>
    </p>

    <p class='ocr_par' dir='ltr' id='par_1_14' title="bbox 147 3290 948 3363">
     <span class='ocr_line' id='line_1_29' title="bbox 147 3290 948 3363; baseline -0.009 -11"><span class='ocrx_word' id='word_1_111' title='bbox 147 3290 276 3352; x_wconf 79' lang='lat' dir='ltr'>eSaevit</span> <span class='ocrx_word' id='word_1_112' title='bbox 298 3297 384 3349; x_wconf 84' lang='lat' dir='ltr'>atrox</span> <span class='ocrx_word' id='word_1_113' title='bbox 406 3291 509 3359; x_wconf 82' lang='lat' dir='ltr'>hostie,</span> <span class='ocrx_word' id='word_1_114' title='bbox 535 3291 602 3363; x_wconf 80' lang='lat' dir='ltr'>quia</span> <span class='ocrx_word' id='word_1_115' title='bbox 624 3307 682 3346; x_wconf 88' lang='lat' dir='ltr'>nun</span> <span class='ocrx_word' id='word_1_116' title='bbox 704 3290 828 3359; x_wconf 86' lang='lat' dir='ltr'>rediere,</span> <span class='ocrx_word' id='word_1_117' title='bbox 853 3290 948 3361; x_wconf 82' lang='lat' dir='ltr'>puelle</span> 
     </span>
    </p>

    <p class='ocr_par' dir='ltr' id='par_1_15' title="bbox 331 3384 751 3457">
     <span class='ocr_line' id='line_1_30' title="bbox 331 3384 751 3457; baseline -0.005 -15"><span class='ocrx_word' id='word_1_118' title='bbox 331 3385 386 3454; x_wconf 78' lang='lat' dir='ltr'>Qui</span> <span class='ocrx_word' id='word_1_119' title='bbox 410 3386 488 3442; x_wconf 83' lang='lat' dir='ltr'>dena</span> <span class='ocrx_word' id='word_1_120' title='bbox 510 3391 666 3457; x_wconf 80' lang='lat' dir='ltr'>perierunt</span> <span class='ocrx_word' id='word_1_121' title='bbox 688 3384 751 3442; x_wconf 92' lang='lat' dir='ltr'>viri.</span> 
     </span>
    </p>

    <p class='ocr_par' dir='ltr' id='par_1_16' title="bbox 176 3479 863 3645">
     <span class='ocr_line' id='line_1_31' title="bbox 176 3479 863 3551; baseline 0 -14"><span class='ocrx_word' id='word_1_122' title='bbox 176 3479 337 3538; x_wconf 83' lang='lat' dir='ltr'>Admonitu</span> <span class='ocrx_word' id='word_1_123' title='bbox 361 3481 458 3537; x_wconf 83' lang='lat' dir='ltr'>divurn</span> <span class='ocrx_word' id='word_1_124' title='bbox 481 3480 558 3551; x_wconf 89' lang='lat' dir='ltr'>regis</span> <span class='ocrx_word' id='word_1_125' title='bbox 581 3479 720 3537; x_wconf 79' lang='lat' dir='ltr'>inundata</span> <span class='ocrx_word' id='word_1_126' title='bbox 742 3479 863 3537; x_wconf 79' lang='lat' dir='ltr'>ferenda</span> 
     </span>
     <span class='ocr_line' id='line_1_32' title="bbox 330 3572 721 3645; baseline -0.008 -13"><span class='ocrx_word' id='word_1_127' title='bbox 330 3574 431 3632; x_wconf 84' lang='lat' dir='ltr'>Saevis</span> <span class='ocrx_word' id='word_1_128' title='bbox 456 3575 565 3631; x_wconf 86' lang='lat' dir='ltr'>dedere</span> <span class='ocrx_word' id='word_1_129' title='bbox 587 3572 721 3645; x_wconf 72' lang='lat' dir='ltr'>fletibus,</span> 
     </span>
    </p>
   </div>
   <div class='ocr_carea' id='block_1_6' title="bbox 0 0 1242 4050">
    <p class='ocr_par' dir='ltr' id='par_1_17' title="bbox 0 0 1242 4050">
     <span class='ocr_line' id='line_1_33' title="bbox 0 0 1242 4050; baseline 0 0"><span class='ocrx_word' id='word_1_130' title='bbox 0 0 1242 4050; x_wconf 95' lang='lat' dir='ltr'> </span> 
     </span>
    </p>
   </div>
  </div>
 </body>
</html>
