<?xml version="1.0" encoding="UTF-8"?>
<!DOCTYPE html PUBLIC "-//W3C//DTD XHTML 1.0 Transitional//EN"
    "http://www.w3.org/TR/xhtml1/DTD/xhtml1-transitional.dtd">
<html xmlns="http://www.w3.org/1999/xhtml" xml:lang="en" lang="en">
 <head>
  <title>
</title>
<meta http-equiv="Content-Type" content="text/html;charset=utf-8" />
  <meta name='ocr-system' content='tesseract 3.04.00' />
  <meta name='ocr-capabilities' content='ocr_page ocr_carea ocr_par ocr_line ocrx_word'/>
</head>
<body>
  <div class='ocr_page' id='page_1' title='image "./deutschelyriker01elligoog_0084.png"; bbox 0 0 2476 4050; ppageno 0'>
   <div class='ocr_carea' id='block_1_1' title="bbox 139 182 802 244">
    <p class='ocr_par' dir='ltr' id='par_1_1' title="bbox 139 182 802 244">
     <span class='ocr_line' id='line_1_1' title="bbox 139 182 802 244; baseline 0.005 -13"><span class='ocrx_word' id='word_1_1' title='bbox 139 182 178 244; x_wconf 82' lang='lat'>36</span> <span class='ocrx_word' id='word_1_2' title='bbox 437 189 468 233; x_wconf 87' lang='lat'>11.</span> <span class='ocrx_word' id='word_1_3' title='bbox 492 188 620 233; x_wconf 75' lang='lat' dir='ltr'>lnoossvs</span> <span class='ocrx_word' id='word_1_4' title='bbox 643 190 802 234; x_wconf 81' lang='lat' dir='ltr'>MIOYLLVS.</span> 
     </span>
    </p>
   </div>
   <div class='ocr_carea' id='block_1_2' title="bbox 131 365 1065 3651">
    <p class='ocr_par' dir='ltr' id='par_1_2' title="bbox 131 365 1065 3651">
     <span class='ocr_line' id='line_1_2' title="bbox 177 365 1005 437; baseline -0.005 -11"><span class='ocrx_word' id='word_1_5' title='bbox 177 369 240 426; x_wconf 94' lang='lat' dir='ltr'>Iam</span> <span class='ocrx_word' id='word_1_6' title='bbox 262 368 342 437; x_wconf 86' lang='lat' dir='ltr'>mihi,</span> <span class='ocrx_word' id='word_1_7' title='bbox 369 365 394 421; x_wconf 91' lang='lat' dir='ltr'>si</span> <span class='ocrx_word' id='word_1_8' title='bbox 417 381 550 422; x_wconf 80' lang='lat' dir='ltr'>numeres</span> <span class='ocrx_word' id='word_1_9' title='bbox 574 370 740 422; x_wconf 81' lang='lat' dir='ltr'>transactae</span> <span class='ocrx_word' id='word_1_10' title='bbox 764 371 896 436; x_wconf 90' lang='lat' dir='ltr'>tempora</span> <span class='ocrx_word' id='word_1_11' title='bbox 920 365 1005 434; x_wconf 82' lang='lat' dir='ltr'>ritae,</span> 
     </span>
     <span class='ocr_line' id='line_1_3' title="bbox 135 459 944 532; baseline -0.005 -12"><span class='ocrx_word' id='word_1_12' title='bbox 135 483 164 526; x_wconf 79' lang='lat' dir='ltr'>ao</span> <span class='ocrx_word' id='word_1_13' title='bbox 221 464 372 520; x_wconf 91' lang='lat' dir='ltr'>Annorum</span> <span class='ocrx_word' id='word_1_14' title='bbox 394 465 554 532; x_wconf 90' lang='lat' dir='ltr'>properant</span> <span class='ocrx_word' id='word_1_15' title='bbox 576 459 668 516; x_wconf 90' lang='lat' dir='ltr'>lustra</span> <span class='ocrx_word' id='word_1_16' title='bbox 690 465 811 531; x_wconf 88' lang='lat' dir='ltr'>peracta</span> <span class='ocrx_word' id='word_1_17' title='bbox 834 476 944 526; x_wconf 88' lang='lat' dir='ltr'>novem,</span> 
     </span>
     <span class='ocr_line' id='line_1_4' title="bbox 178 555 942 629; baseline -0.008 -13"><span class='ocrx_word' id='word_1_18' title='bbox 178 559 225 616; x_wconf 87' lang='lat' dir='ltr'>Ex</span> <span class='ocrx_word' id='word_1_19' title='bbox 248 573 304 629; x_wconf 86' lang='lat' dir='ltr'>quo</span> <span class='ocrx_word' id='word_1_20' title='bbox 327 556 430 613; x_wconf 85' lang='lat' dir='ltr'>vitales</span> <span class='ocrx_word' id='word_1_21' title='bbox 453 555 578 625; x_wconf 88' lang='lat' dir='ltr'>primum</span> <span class='ocrx_word' id='word_1_22' title='bbox 601 571 664 611; x_wconf 93' lang='lat' dir='ltr'>sum</span> <span class='ocrx_word' id='word_1_23' title='bbox 686 559 771 610; x_wconf 90' lang='lat' dir='ltr'>natus</span> <span class='ocrx_word' id='word_1_24' title='bbox 795 555 824 610; x_wconf 93' lang='lat' dir='ltr'>in</span> <span class='ocrx_word' id='word_1_25' title='bbox 847 571 942 623; x_wconf 80' lang='lat' dir='ltr'>aurea,</span> 
     </span>
     <span class='ocr_line' id='line_1_5' title="bbox 221 648 943 721; baseline -0.006 -12"><span class='ocrx_word' id='word_1_26' title='bbox 221 652 279 708; x_wconf 87' lang='lat' dir='ltr'>Hie</span> <span class='ocrx_word' id='word_1_27' title='bbox 300 650 349 708; x_wconf 93' lang='lat' dir='ltr'>ubi</span> <span class='ocrx_word' id='word_1_28' title='bbox 373 649 558 720; x_wconf 87' lang='lat' dir='ltr'>Rhenigcnas</span> <span class='ocrx_word' id='word_1_29' title='bbox 582 653 727 720; x_wconf 74' lang='lat' dir='ltr'>temperat</span> <span class='ocrx_word' id='word_1_30' title='bbox 749 648 830 705; x_wconf 85' lang='lat' dir='ltr'>Elius</span> <span class='ocrx_word' id='word_1_31' title='bbox 854 665 943 721; x_wconf 82' lang='lat' dir='ltr'>aquas</span> 
     </span>
     <span class='ocr_line' id='line_1_6' title="bbox 177 744 945 816; baseline -0.007 -11"><span class='ocrx_word' id='word_1_32' title='bbox 177 747 334 805; x_wconf 70' lang='lat' dir='ltr'>aimanor</span> <span class='ocrx_word' id='word_1_33' title='bbox 356 744 473 816; x_wconf 86' lang='lat' dir='ltr'>obliquo</span> <span class='ocrx_word' id='word_1_34' title='bbox 498 744 677 801; x_wconf 89' lang='lat' dir='ltr'>descendens</span> <span class='ocrx_word' id='word_1_35' title='bbox 700 745 817 800; x_wconf 83' lang='lat' dir='ltr'>tramite</span> <span class='ocrx_word' id='word_1_36' title='bbox 840 760 945 815; x_wconf 81' lang='lat' dir='ltr'>gurges</span> 
     </span>
     <span class='ocr_line' id='line_1_7' title="bbox 221 838 822 909; baseline -0.005 -11"><span class='ocrx_word' id='word_1_37' title='bbox 221 840 344 898; x_wconf 89' lang='lat' dir='ltr'>Maioris</span> <span class='ocrx_word' id='word_1_38' title='bbox 368 843 462 895; x_wconf 89' lang='lat' dir='ltr'>mutat</span> <span class='ocrx_word' id='word_1_39' title='bbox 484 840 601 895; x_wconf 90' lang='lat' dir='ltr'>nomina</span> <span class='ocrx_word' id='word_1_40' title='bbox 624 838 733 909; x_wconf 86' lang='lat' dir='ltr'>Prysca</span> <span class='ocrx_word' id='word_1_41' title='bbox 756 855 822 909; x_wconf 86' lang='lat' dir='ltr'>suo;</span> 
     </span>
     <span class='ocr_line' id='line_1_8' title="bbox 135 932 936 1007; baseline -0.014 -9"><span class='ocrx_word' id='word_1_42' title='bbox 135 956 163 998; x_wconf 78' lang='lat' dir='ltr'>aa</span> <span class='ocrx_word' id='word_1_43' title='bbox 179 937 260 1007; x_wconf 83' lang='lat' dir='ltr'>Quae</span> <span class='ocrx_word' id='word_1_44' title='bbox 283 934 376 992; x_wconf 89' lang='lat' dir='ltr'>veteri</span> <span class='ocrx_word' id='word_1_45' title='bbox 398 932 543 1004; x_wconf 83' lang='lat' dir='ltr'>quondam</span> <span class='ocrx_word' id='word_1_46' title='bbox 566 932 661 990; x_wconf 88' lang='lat' dir='ltr'>dietus</span> <span class='ocrx_word' id='word_1_47' title='bbox 685 933 720 990; x_wconf 91' lang='lat' dir='ltr'>de</span> <span class='ocrx_word' id='word_1_48' title='bbox 743 933 858 989; x_wconf 90' lang='lat' dir='ltr'>nomine</span> <span class='ocrx_word' id='word_1_49' title='bbox 882 932 936 988; x_wconf 89' lang='lat' dir='ltr'>Iuli</span> 
     </span>
     <span class='ocr_line' id='line_1_9' title="bbox 221 1026 805 1098; baseline -0.01 -10"><span class='ocrx_word' id='word_1_50' title='bbox 221 1030 380 1088; x_wconf 85' lang='lat' dir='ltr'>Germanas</span> <span class='ocrx_word' id='word_1_51' title='bbox 403 1028 489 1085; x_wconf 87' lang='lat' dir='ltr'>Latio</span> <span class='ocrx_word' id='word_1_52' title='bbox 513 1028 603 1084; x_wconf 88' lang='lat' dir='ltr'>milite</span> <span class='ocrx_word' id='word_1_53' title='bbox 626 1026 703 1084; x_wconf 83' lang='lat' dir='ltr'>fudit</span> <span class='ocrx_word' id='word_1_54' title='bbox 726 1044 805 1098; x_wconf 82' lang='lat' dir='ltr'>opes</span> 
     </span>
     <span class='ocr_line' id='line_1_10' title="bbox 176 1121 896 1196; baseline -0.008 -13"><span class='ocrx_word' id='word_1_55' title='bbox 176 1125 255 1196; x_wconf 80' lang='lat' dir='ltr'>Quos</span> <span class='ocrx_word' id='word_1_56' title='bbox 278 1142 336 1181; x_wconf 93' lang='lat' dir='ltr'>non</span> <span class='ocrx_word' id='word_1_57' title='bbox 359 1124 472 1180; x_wconf 87' lang='lat' dir='ltr'>interea</span> <span class='ocrx_word' id='word_1_58' title='bbox 494 1123 553 1180; x_wconf 92' lang='lat' dir='ltr'>vidi</span> <span class='ocrx_word' id='word_1_59' title='bbox 576 1122 665 1178; x_wconf 90' lang='lat' dir='ltr'>miser</span> <span class='ocrx_word' id='word_1_60' title='bbox 687 1122 749 1193; x_wconf 87' lang='lat' dir='ltr'>ipse</span> <span class='ocrx_word' id='word_1_61' title='bbox 772 1121 896 1189; x_wconf 85' lang='lat' dir='ltr'>labores,</span> 
     </span>
     <span class='ocr_line' id='line_1_11' title="bbox 219 1213 999 1291; baseline -0.005 -15"><span class='ocrx_word' id='word_1_62' title='bbox 219 1222 279 1276; x_wconf 89' lang='lat' dir='ltr'>Aut</span> <span class='ocrx_word' id='word_1_63' title='bbox 302 1236 374 1291; x_wconf 89' lang='lat' dir='ltr'>quae</span> <span class='ocrx_word' id='word_1_64' title='bbox 397 1235 465 1288; x_wconf 91' lang='lat' dir='ltr'>pars</span> <span class='ocrx_word' id='word_1_65' title='bbox 488 1218 565 1274; x_wconf 88' lang='lat' dir='ltr'>vitae</span> <span class='ocrx_word' id='word_1_66' title='bbox 587 1218 666 1273; x_wconf 89' lang='lat' dir='ltr'>laeta</span> <span class='ocrx_word' id='word_1_67' title='bbox 688 1222 808 1287; x_wconf 86' lang='lat' dir='ltr'>peracta</span> <span class='ocrx_word' id='word_1_68' title='bbox 830 1233 911 1273; x_wconf 89' lang='lat' dir='ltr'>meae</span> <span class='ocrx_word' id='word_1_69' title='bbox 936 1213 999 1273; x_wconf 77' lang='lat' dir='ltr'>est?</span> 
     </span>
     <span class='ocr_line' id='line_1_12' title="bbox 178 1310 941 1383; baseline -0.005 -12"><span class='ocrx_word' id='word_1_70' title='bbox 178 1315 235 1372; x_wconf 87' lang='lat' dir='ltr'>Vix</span> <span class='ocrx_word' id='word_1_71' title='bbox 256 1314 331 1371; x_wconf 92' lang='lat' dir='ltr'>bene</span> <span class='ocrx_word' id='word_1_72' title='bbox 355 1318 491 1383; x_wconf 86' lang='lat' dir='ltr'>septenos</span> <span class='ocrx_word' id='word_1_73' title='bbox 515 1318 597 1368; x_wconf 92' lang='lat' dir='ltr'>aetas</span> <span class='ocrx_word' id='word_1_74' title='bbox 620 1329 685 1369; x_wconf 90' lang='lat' dir='ltr'>mea</span> <span class='ocrx_word' id='word_1_75' title='bbox 707 1310 819 1368; x_wconf 83' lang='lat' dir='ltr'>fecerat</span> <span class='ocrx_word' id='word_1_76' title='bbox 841 1328 941 1378; x_wconf 88' lang='lat' dir='ltr'>annos,</span> 
     </span>
     <span class='ocr_line' id='line_1_13' title="bbox 134 1406 844 1471; baseline -0.014 0"><span class='ocrx_word' id='word_1_77' title='bbox 134 1430 162 1471; x_wconf 83' lang='lat'>40</span> <span class='ocrx_word' id='word_1_78' title='bbox 222 1409 294 1466; x_wconf 83' lang='lat' dir='ltr'>Cum</span> <span class='ocrx_word' id='word_1_79' title='bbox 316 1408 401 1464; x_wconf 84' lang='lat' dir='ltr'>video</span> <span class='ocrx_word' id='word_1_80' title='bbox 425 1406 526 1463; x_wconf 90' lang='lat' dir='ltr'>matris</span> <span class='ocrx_word' id='word_1_81' title='bbox 550 1407 647 1463; x_wconf 91' lang='lat' dir='ltr'>tristia</span> <span class='ocrx_word' id='word_1_82' title='bbox 669 1406 730 1463; x_wconf 82' lang='lat' dir='ltr'>sata</span> <span class='ocrx_word' id='word_1_83' title='bbox 753 1423 844 1463; x_wconf 88' lang='lat' dir='ltr'>meae.</span> 
     </span>
     <span class='ocr_line' id='line_1_14' title="bbox 176 1501 869 1574; baseline -0.004 -14"><span class='ocrx_word' id='word_1_84' title='bbox 176 1504 268 1560; x_wconf 85' lang='lat' dir='ltr'>Vnica</span> <span class='ocrx_word' id='word_1_85' title='bbox 290 1501 454 1574; x_wconf 74' lang='lat' dir='ltr'>progenies</span> <span class='ocrx_word' id='word_1_86' title='bbox 477 1501 569 1573; x_wconf 89' lang='lat' dir='ltr'>patris</span> <span class='ocrx_word' id='word_1_87' title='bbox 592 1503 702 1558; x_wconf 89' lang='lat' dir='ltr'>nutrita</span> <span class='ocrx_word' id='word_1_88' title='bbox 725 1506 869 1568; x_wconf 79' lang='lat' dir='ltr'>senectae,</span> 
     </span>
     <span class='ocr_line' id='line_1_15' title="bbox 218 1594 936 1668; baseline -0.008 -13"><span class='ocrx_word' id='word_1_89' title='bbox 218 1598 259 1655; x_wconf 86' lang='lat' dir='ltr'>Et</span> <span class='ocrx_word' id='word_1_90' title='bbox 281 1614 357 1668; x_wconf 92' lang='lat' dir='ltr'>spes,</span> <span class='ocrx_word' id='word_1_91' title='bbox 383 1597 406 1653; x_wconf 92' lang='lat' dir='ltr'>si</span> <span class='ocrx_word' id='word_1_92' title='bbox 431 1613 486 1668; x_wconf 89' lang='lat' dir='ltr'>qua</span> <span class='ocrx_word' id='word_1_93' title='bbox 508 1594 594 1665; x_wconf 86' lang='lat' dir='ltr'>foret,</span> <span class='ocrx_word' id='word_1_94' title='bbox 619 1597 682 1653; x_wconf 90' lang='lat' dir='ltr'>sola</span> <span class='ocrx_word' id='word_1_95' title='bbox 703 1595 802 1652; x_wconf 87' lang='lat' dir='ltr'>futura</span> <span class='ocrx_word' id='word_1_96' title='bbox 825 1595 936 1652; x_wconf 90' lang='lat' dir='ltr'>domus.</span> 
     </span>
     <span class='ocr_line' id='line_1_16' title="bbox 177 1689 1065 1764; baseline -0.005 -14"><span class='ocrx_word' id='word_1_97' title='bbox 177 1692 255 1763; x_wconf 77' lang='lat' dir='ltr'>Quos</span> <span class='ocrx_word' id='word_1_98' title='bbox 280 1709 333 1764; x_wconf 85' lang='lat' dir='ltr'>ego</span> <span class='ocrx_word' id='word_1_99' title='bbox 357 1697 425 1748; x_wconf 91' lang='lat' dir='ltr'>tunc</span> <span class='ocrx_word' id='word_1_100' title='bbox 448 1692 552 1759; x_wconf 92' lang='lat' dir='ltr'>luctus,</span> <span class='ocrx_word' id='word_1_101' title='bbox 577 1707 650 1762; x_wconf 86' lang='lat' dir='ltr'>quae</span> <span class='ocrx_word' id='word_1_102' title='bbox 674 1697 807 1761; x_wconf 90' lang='lat' dir='ltr'>tempora</span> <span class='ocrx_word' id='word_1_103' title='bbox 828 1689 926 1747; x_wconf 84' lang='lat' dir='ltr'>flendo</span> <span class='ocrx_word' id='word_1_104' title='bbox 949 1691 1065 1762; x_wconf 78' lang='lat' dir='ltr'>peregi!</span> 
     </span>
     <span class='ocr_line' id='line_1_17' title="bbox 131 1785 930 1856; baseline -0.005 -12"><span class='ocrx_word' id='word_1_105' title='bbox 131 1829 134 1835; x_wconf 80' lang='grc'>.</span> <span class='ocrx_word' id='word_1_106' title='bbox 219 1787 310 1856; x_wconf 78' lang='lat' dir='ltr'>Quam</span> <span class='ocrx_word' id='word_1_107' title='bbox 334 1804 381 1843; x_wconf 91' lang='lat' dir='ltr'>res</span> <span class='ocrx_word' id='word_1_108' title='bbox 405 1787 479 1843; x_wconf 89' lang='lat' dir='ltr'>haec</span> <span class='ocrx_word' id='word_1_109' title='bbox 501 1786 597 1842; x_wconf 90' lang='lat' dir='ltr'>animo</span> <span class='ocrx_word' id='word_1_110' title='bbox 622 1785 699 1842; x_wconf 90' lang='lat' dir='ltr'>sedit</span> <span class='ocrx_word' id='word_1_111' title='bbox 721 1785 828 1842; x_wconf 90' lang='lat' dir='ltr'>acerba</span> <span class='ocrx_word' id='word_1_112' title='bbox 851 1785 930 1842; x_wconf 86' lang='lat' dir='ltr'>meo!</span> 
     </span>
     <span class='ocr_line' id='line_1_18' title="bbox 132 1878 1031 1952; baseline -0.008 -9"><span class='ocrx_word' id='word_1_113' title='bbox 132 1902 160 1943; x_wconf 83' lang='lat'>45</span> <span class='ocrx_word' id='word_1_114' title='bbox 176 1882 234 1940; x_wconf 87' lang='lat' dir='ltr'>Sed</span> <span class='ocrx_word' id='word_1_115' title='bbox 256 1898 349 1952; x_wconf 83' lang='lat' dir='ltr'>neque</span> <span class='ocrx_word' id='word_1_116' title='bbox 374 1881 447 1937; x_wconf 87' lang='lat' dir='ltr'>dura</span> <span class='ocrx_word' id='word_1_117' title='bbox 469 1884 586 1936; x_wconf 90' lang='lat' dir='ltr'>movent</span> <span class='ocrx_word' id='word_1_118' title='bbox 608 1880 781 1936; x_wconf 91' lang='lat' dir='ltr'>miserorum</span> <span class='ocrx_word' id='word_1_119' title='bbox 803 1878 865 1936; x_wconf 86' lang='lat' dir='ltr'>fata</span> <span class='ocrx_word' id='word_1_120' title='bbox 888 1880 1031 1951; x_wconf 86' lang='lat' dir='ltr'>querelae,</span> 
     </span>
     <span class='ocr_line' id='line_1_19' title="bbox 215 1974 917 2046; baseline -0.006 -13"><span class='ocrx_word' id='word_1_121' title='bbox 215 1977 277 2034; x_wconf 88' lang='lat' dir='ltr'>Nec</span> <span class='ocrx_word' id='word_1_122' title='bbox 300 1980 423 2046; x_wconf 85' lang='lat' dir='ltr'>tangunt</span> <span class='ocrx_word' id='word_1_123' title='bbox 446 1990 547 2030; x_wconf 87' lang='lat' dir='ltr'>saevas</span> <span class='ocrx_word' id='word_1_124' title='bbox 571 1974 690 2030; x_wconf 93' lang='lat' dir='ltr'>vulnera</span> <span class='ocrx_word' id='word_1_125' title='bbox 713 1979 814 2030; x_wconf 88' lang='lat' dir='ltr'>nostra</span> <span class='ocrx_word' id='word_1_126' title='bbox 837 1975 917 2031; x_wconf 78' lang='lat' dir='ltr'>deas,</span> 
     </span>
     <span class='ocr_line' id='line_1_20' title="bbox 175 2068 927 2142; baseline -0.004 -14"><span class='ocrx_word' id='word_1_127' title='bbox 175 2069 312 2128; x_wconf 87' lang='lat' dir='ltr'>Nondum</span> <span class='ocrx_word' id='word_1_128' title='bbox 333 2069 423 2142; x_wconf 86' lang='lat' dir='ltr'>igitur</span> <span class='ocrx_word' id='word_1_129' title='bbox 445 2069 539 2140; x_wconf 90' lang='lat' dir='ltr'>prima</span> <span class='ocrx_word' id='word_1_130' title='bbox 561 2073 656 2125; x_wconf 89' lang='lat' dir='ltr'>tectus</span> <span class='ocrx_word' id='word_1_131' title='bbox 679 2068 813 2140; x_wconf 87' lang='lat' dir='ltr'>lanugine</span> <span class='ocrx_word' id='word_1_132' title='bbox 836 2068 927 2125; x_wconf 91' lang='lat' dir='ltr'>malas</span> 
     </span>
     <span class='ocr_line' id='line_1_21' title="bbox 218 2163 867 2236; baseline -0.002 -15"><span class='ocrx_word' id='word_1_133' title='bbox 218 2165 259 2222; x_wconf 79' lang='lat' dir='ltr'>m</span> <span class='ocrx_word' id='word_1_134' title='bbox 280 2180 373 2236; x_wconf 86' lang='lat' dir='ltr'>nuper</span> <span class='ocrx_word' id='word_1_135' title='bbox 394 2164 494 2220; x_wconf 87' lang='lat' dir='ltr'>lustris</span> <span class='ocrx_word' id='word_1_136' title='bbox 518 2163 657 2235; x_wconf 89' lang='lat' dir='ltr'>grandior</span> <span class='ocrx_word' id='word_1_137' title='bbox 679 2164 742 2234; x_wconf 91' lang='lat' dir='ltr'>ipse</span> <span class='ocrx_word' id='word_1_138' title='bbox 765 2163 867 2233; x_wconf 88' lang='lat' dir='ltr'>tribus,</span> 
     </span>
     <span class='ocr_line' id='line_1_22' title="bbox 175 2259 964 2329; baseline -0.003 -13"><span class='ocrx_word' id='word_1_139' title='bbox 175 2260 313 2316; x_wconf 84' lang='lat' dir='ltr'>Protinus</span> <span class='ocrx_word' id='word_1_140' title='bbox 338 2263 474 2315; x_wconf 88' lang='lat' dir='ltr'>externas</span> <span class='ocrx_word' id='word_1_141' title='bbox 497 2259 594 2329; x_wconf 90' lang='lat' dir='ltr'>patria</span> <span class='ocrx_word' id='word_1_142' title='bbox 616 2259 718 2329; x_wconf 91' lang='lat' dir='ltr'>procul</span> <span class='ocrx_word' id='word_1_143' title='bbox 741 2263 822 2316; x_wconf 90' lang='lat' dir='ltr'>actus</span> <span class='ocrx_word' id='word_1_144' title='bbox 845 2259 875 2314; x_wconf 93' lang='lat' dir='ltr'>in</span> <span class='ocrx_word' id='word_1_145' title='bbox 899 2274 964 2314; x_wconf 89' lang='lat' dir='ltr'>oras</span> 
     </span>
     <span class='ocr_line' id='line_1_23' title="bbox 132 2351 855 2425; baseline -0.01 -11"><span class='ocrx_word' id='word_1_146' title='bbox 132 2373 160 2415; x_wconf 75' lang='lat' dir='ltr'>ao</span> <span class='ocrx_word' id='word_1_147' title='bbox 218 2354 337 2425; x_wconf 89' lang='lat' dir='ltr'>Ignotas</span> <span class='ocrx_word' id='word_1_148' title='bbox 359 2351 475 2424; x_wconf 84' lang='lat' dir='ltr'>profugi</span> <span class='ocrx_word' id='word_1_149' title='bbox 498 2369 578 2409; x_wconf 88' lang='lat' dir='ltr'>more</span> <span class='ocrx_word' id='word_1_150' title='bbox 601 2369 721 2425; x_wconf 90' lang='lat' dir='ltr'>pererro</span> <span class='ocrx_word' id='word_1_151' title='bbox 745 2353 855 2410; x_wconf 82' lang='lat' dir='ltr'>domos</span> 
     </span>
     <span class='ocr_line' id='line_1_24' title="bbox 175 2446 968 2518; baseline -0.003 -14"><span class='ocrx_word' id='word_1_152' title='bbox 175 2448 306 2518; x_wconf 88' lang='lat' dir='ltr'>Namque</span> <span class='ocrx_word' id='word_1_153' title='bbox 330 2452 360 2503; x_wconf 88' lang='lat' dir='ltr'>et</span> <span class='ocrx_word' id='word_1_154' title='bbox 382 2446 531 2518; x_wconf 85' lang='lat' dir='ltr'>Thuringa</span> <span class='ocrx_word' id='word_1_155' title='bbox 554 2446 658 2504; x_wconf 88' lang='lat' dir='ltr'>studiis</span> <span class='ocrx_word' id='word_1_156' title='bbox 682 2454 811 2505; x_wconf 88' lang='lat' dir='ltr'>secretus</span> <span class='ocrx_word' id='word_1_157' title='bbox 835 2448 865 2503; x_wconf 94' lang='lat' dir='ltr'>in</span> <span class='ocrx_word' id='word_1_158' title='bbox 887 2446 968 2514; x_wconf 88' lang='lat' dir='ltr'>urbe,</span> 
     </span>
     <span class='ocr_line' id='line_1_25' title="bbox 217 2541 858 2613; baseline 0.002 -16"><span class='ocrx_word' id='word_1_159' title='bbox 217 2541 308 2610; x_wconf 78' lang='lat' dir='ltr'>Quam</span> <span class='ocrx_word' id='word_1_160' title='bbox 332 2545 413 2598; x_wconf 88' lang='lat' dir='ltr'>secat</span> <span class='ocrx_word' id='word_1_161' title='bbox 436 2541 540 2613; x_wconf 83' lang='lat' dir='ltr'>exiguo</span> <span class='ocrx_word' id='word_1_162' title='bbox 563 2543 636 2599; x_wconf 91' lang='lat' dir='ltr'>lenis</span> <span class='ocrx_word' id='word_1_163' title='bbox 660 2543 751 2599; x_wconf 90' lang='lat' dir='ltr'>Hiera</span> <span class='ocrx_word' id='word_1_164' title='bbox 773 2542 858 2610; x_wconf 87' lang='lat' dir='ltr'>vado,</span> 
     </span>
     <span class='ocr_line' id='line_1_26' title="bbox 173 2633 858 2708; baseline 0.001 -16"><span class='ocrx_word' id='word_1_165' title='bbox 173 2635 255 2692; x_wconf 91' lang='lat' dir='ltr'>Dura</span> <span class='ocrx_word' id='word_1_166' title='bbox 278 2633 339 2692; x_wconf 90' lang='lat' dir='ltr'>fere</span> <span class='ocrx_word' id='word_1_167' title='bbox 363 2639 426 2693; x_wconf 89' lang='lat' dir='ltr'>toto</span> <span class='ocrx_word' id='word_1_168' title='bbox 450 2636 579 2708; x_wconf 87' lang='lat' dir='ltr'>transegi</span> <span class='ocrx_word' id='word_1_169' title='bbox 601 2641 734 2708; x_wconf 89' lang='lat' dir='ltr'>tempora</span> <span class='ocrx_word' id='word_1_170' title='bbox 756 2637 858 2704; x_wconf 88' lang='lat' dir='ltr'>lustro,</span> 
     </span>
     <span class='ocr_line' id='line_1_27' title="bbox 216 2729 906 2803; baseline -0.001 -17"><span class='ocrx_word' id='word_1_171' title='bbox 216 2729 293 2787; x_wconf 90' lang='lat' dir='ltr'>Dum</span> <span class='ocrx_word' id='word_1_172' title='bbox 316 2746 423 2802; x_wconf 85' lang='lat' dir='ltr'>sequor</span> <span class='ocrx_word' id='word_1_173' title='bbox 444 2730 533 2786; x_wconf 90' lang='lat' dir='ltr'>Aonii</span> <span class='ocrx_word' id='word_1_174' title='bbox 556 2748 640 2788; x_wconf 87' lang='lat' dir='ltr'>sacra</span> <span class='ocrx_word' id='word_1_175' title='bbox 665 2731 792 2803; x_wconf 86' lang='lat' dir='ltr'>deosque</span> <span class='ocrx_word' id='word_1_176' title='bbox 817 2731 906 2788; x_wconf 89' lang='lat' dir='ltr'>chori.</span> 
     </span>
     <span class='ocr_line' id='line_1_28' title="bbox 131 2823 934 2897; baseline -0.002 -13"><span class='ocrx_word' id='word_1_177' title='bbox 131 2842 159 2884; x_wconf 76' lang='lat' dir='ltr'>aa</span> <span class='ocrx_word' id='word_1_178' title='bbox 174 2824 214 2880; x_wconf 86' lang='lat' dir='ltr'>Et</span> <span class='ocrx_word' id='word_1_179' title='bbox 236 2841 304 2881; x_wconf 89' lang='lat' dir='ltr'>mox</span> <span class='ocrx_word' id='word_1_180' title='bbox 327 2823 487 2882; x_wconf 89' lang='lat' dir='ltr'>Saxonicos</span> <span class='ocrx_word' id='word_1_181' title='bbox 510 2826 587 2882; x_wconf 89' lang='lat' dir='ltr'>ultra</span> <span class='ocrx_word' id='word_1_182' title='bbox 609 2832 764 2897; x_wconf 86' lang='lat' dir='ltr'>provectus</span> <span class='ocrx_word' id='word_1_183' title='bbox 787 2827 817 2883; x_wconf 93' lang='lat' dir='ltr'>in</span> <span class='ocrx_word' id='word_1_184' title='bbox 840 2843 934 2897; x_wconf 74' lang='lat' dir='ltr'>agree,</span> 
     </span>
     <span class='ocr_line' id='line_1_29' title="bbox 216 2918 911 2992; baseline 0 -16"><span class='ocrx_word' id='word_1_185' title='bbox 216 2918 299 2976; x_wconf 88' lang='lat' dir='ltr'>Albis</span> <span class='ocrx_word' id='word_1_186' title='bbox 322 2919 361 2977; x_wconf 89' lang='lat' dir='ltr'>ad</span> <span class='ocrx_word' id='word_1_187' title='bbox 383 2920 525 2976; x_wconf 89' lang='lat' dir='ltr'>Arctoum</span> <span class='ocrx_word' id='word_1_188' title='bbox 548 2937 603 2992; x_wconf 88' lang='lat' dir='ltr'>qua</span> <span class='ocrx_word' id='word_1_189' title='bbox 625 2937 706 2977; x_wconf 90' lang='lat' dir='ltr'>mare</span> <span class='ocrx_word' id='word_1_190' title='bbox 729 2921 824 2978; x_wconf 85' lang='lat' dir='ltr'>tendit</span> <span class='ocrx_word' id='word_1_191' title='bbox 846 2921 911 2988; x_wconf 89' lang='lat' dir='ltr'>iter,</span> 
     </span>
     <span class='ocr_line' id='line_1_30' title="bbox 174 3012 911 3088; baseline 0.001 -19"><span class='ocrx_word' id='word_1_192' title='bbox 174 3012 241 3070; x_wconf 85' lang='lat' dir='ltr'>Otia</span> <span class='ocrx_word' id='word_1_193' title='bbox 264 3013 337 3070; x_wconf 83' lang='lat' dir='ltr'>dura</span> <span class='ocrx_word' id='word_1_194' title='bbox 360 3013 484 3084; x_wconf 83' lang='lat' dir='ltr'>quidem,</span> <span class='ocrx_word' id='word_1_195' title='bbox 510 3014 562 3070; x_wconf 85' lang='lat' dir='ltr'>sed</span> <span class='ocrx_word' id='word_1_196' title='bbox 585 3031 643 3071; x_wconf 94' lang='lat' dir='ltr'>non</span> <span class='ocrx_word' id='word_1_197' title='bbox 665 3015 781 3087; x_wconf 86' lang='lat' dir='ltr'>ingrata</span> <span class='ocrx_word' id='word_1_198' title='bbox 803 3016 911 3088; x_wconf 85' lang='lat' dir='ltr'>peregi,</span> 
     </span>
     <span class='ocr_line' id='line_1_31' title="bbox 215 3107 896 3182; baseline 0.003 -18"><span class='ocrx_word' id='word_1_199' title='bbox 215 3107 287 3164; x_wconf 89' lang='lat' dir='ltr'>Pars</span> <span class='ocrx_word' id='word_1_200' title='bbox 311 3114 400 3179; x_wconf 86' lang='lat' dir='ltr'>quota</span> <span class='ocrx_word' id='word_1_201' title='bbox 422 3108 511 3164; x_wconf 90' lang='lat' dir='ltr'>Pierii</span> <span class='ocrx_word' id='word_1_202' title='bbox 534 3107 629 3165; x_wconf 87' lang='lat' dir='ltr'>factus</span> <span class='ocrx_word' id='word_1_203' title='bbox 654 3110 767 3181; x_wconf 88' lang='lat' dir='ltr'>etipse</span> <span class='ocrx_word' id='word_1_204' title='bbox 791 3111 896 3182; x_wconf 82' lang='lat' dir='ltr'>gregis,</span> 
     </span>
     <span class='ocr_line' id='line_1_32' title="bbox 173 3201 932 3277; baseline 0.007 -20"><span class='ocrx_word' id='word_1_205' title='bbox 173 3201 211 3258; x_wconf 87' lang='lat' dir='ltr'>Vt</span> <span class='ocrx_word' id='word_1_206' title='bbox 233 3207 347 3259; x_wconf 88' lang='lat' dir='ltr'>taceam</span> <span class='ocrx_word' id='word_1_207' title='bbox 370 3202 480 3273; x_wconf 76' lang='lat' dir='ltr'>Mysos,</span> <span class='ocrx_word' id='word_1_208' title='bbox 505 3201 635 3260; x_wconf 88' lang='lat' dir='ltr'>Francos</span> <span class='ocrx_word' id='word_1_209' title='bbox 660 3209 689 3259; x_wconf 87' lang='lat' dir='ltr'>et</span> <span class='ocrx_word' id='word_1_210' title='bbox 711 3204 821 3262; x_wconf 88' lang='lat' dir='ltr'>Norica</span> <span class='ocrx_word' id='word_1_211' title='bbox 843 3222 932 3277; x_wconf 86' lang='lat' dir='ltr'>regna</span> 
     </span>
     <span class='ocr_line' id='line_1_33' title="bbox 131 3295 892 3372; baseline 0.001 -18"><span class='ocrx_word' id='word_1_212' title='bbox 131 3315 159 3354; x_wconf 90' lang='lat' dir='ltr'>oo</span> <span class='ocrx_word' id='word_1_213' title='bbox 216 3295 256 3352; x_wconf 85' lang='lat' dir='ltr'>Et</span> <span class='ocrx_word' id='word_1_214' title='bbox 280 3312 340 3364; x_wconf 74' lang='lat' dir='ltr'>voe,</span> <span class='ocrx_word' id='word_1_215' title='bbox 369 3313 440 3367; x_wconf 85' lang='lat' dir='ltr'>quos</span> <span class='ocrx_word' id='word_1_216' title='bbox 463 3297 564 3367; x_wconf 86' lang='lat' dir='ltr'>primis</span> <span class='ocrx_word' id='word_1_217' title='bbox 588 3297 680 3354; x_wconf 81' lang='lat' dir='ltr'>adluit</span> <span class='ocrx_word' id='word_1_218' title='bbox 702 3299 779 3356; x_wconf 91' lang='lat' dir='ltr'>Ister</span> <span class='ocrx_word' id='word_1_219' title='bbox 802 3300 892 3372; x_wconf 82' lang='lat' dir='ltr'>aquis,</span> 
     </span>
     <span class='ocr_line' id='line_1_34' title="bbox 174 3389 946 3464; baseline 0.008 -19"><span class='ocrx_word' id='word_1_220' title='bbox 174 3389 279 3446; x_wconf 84' lang='lat' dir='ltr'>Omnes</span> <span class='ocrx_word' id='word_1_221' title='bbox 303 3406 373 3461; x_wconf 88' lang='lat' dir='ltr'>quas</span> <span class='ocrx_word' id='word_1_222' title='bbox 396 3389 483 3461; x_wconf 89' lang='lat' dir='ltr'>longo</span> <span class='ocrx_word' id='word_1_223' title='bbox 507 3395 601 3448; x_wconf 89' lang='lat' dir='ltr'>terras</span> <span class='ocrx_word' id='word_1_224' title='bbox 624 3394 841 3464; x_wconf 90' lang='lat' dir='ltr'>peragravimus</span> <span class='ocrx_word' id='word_1_225' title='bbox 865 3411 946 3463; x_wconf 83' lang='lat' dir='ltr'>aevo,</span> 
     </span>
     <span class='ocr_line' id='line_1_35' title="bbox 213 3482 1032 3559; baseline 0.013 -20"><span class='ocrx_word' id='word_1_226' title='bbox 213 3482 289 3539; x_wconf 90' lang='lat' dir='ltr'>Dum</span> <span class='ocrx_word' id='word_1_227' title='bbox 313 3484 432 3540; x_wconf 89' lang='lat' dir='ltr'>tandem</span> <span class='ocrx_word' id='word_1_228' title='bbox 455 3490 571 3541; x_wconf 86' lang='lat' dir='ltr'>ventum</span> <span class='ocrx_word' id='word_1_229' title='bbox 595 3491 640 3542; x_wconf 87' lang='lat' dir='ltr'>est</span> <span class='ocrx_word' id='word_1_230' title='bbox 663 3487 700 3543; x_wconf 83' lang='lat' dir='ltr'>ad</span> <span class='ocrx_word' id='word_1_231' title='bbox 723 3488 807 3557; x_wconf 86' lang='lat' dir='ltr'>vada,</span> <span class='ocrx_word' id='word_1_232' title='bbox 833 3489 947 3559; x_wconf 85' lang='lat' dir='ltr'>Moeno,</span> <span class='ocrx_word' id='word_1_233' title='bbox 974 3496 1032 3550; x_wconf 93' lang='lat' dir='ltr'>tua.</span> 
     </span>
     <span class='ocr_line' id='line_1_36' title="bbox 172 3575 930 3651; baseline 0.015 -20"><span class='ocrx_word' id='word_1_234' title='bbox 172 3575 228 3632; x_wconf 90' lang='lat' dir='ltr'>Hic</span> <span class='ocrx_word' id='word_1_235' title='bbox 251 3576 366 3634; x_wconf 85' lang='lat' dir='ltr'>demum</span> <span class='ocrx_word' id='word_1_236' title='bbox 389 3578 504 3635; x_wconf 83' lang='lat' dir='ltr'>lacerae</span> <span class='ocrx_word' id='word_1_237' title='bbox 529 3581 617 3637; x_wconf 86' lang='lat' dir='ltr'>statio</span> <span class='ocrx_word' id='word_1_238' title='bbox 640 3580 790 3651; x_wconf 85' lang='lat' dir='ltr'>patefacta</span> <span class='ocrx_word' id='word_1_239' title='bbox 813 3584 930 3642; x_wconf 87' lang='lat' dir='ltr'>carinae</span> 
     </span>
    </p>
   </div>
   <div class='ocr_carea' id='block_1_3' title="bbox 913 3754 1066 3816">
    <p class='ocr_par' dir='ltr' id='par_1_3' title="bbox 913 3754 1066 3816">
     <span class='ocr_line' id='line_1_37' title="bbox 913 3754 1066 3816; baseline 0 0"><span class='ocrx_word' id='word_1_240' title='bbox 913 3754 1066 3816; x_wconf 59' lang='lat' dir='ltr'>Q</span> 
     </span>
    </p>
   </div>
   <div class='ocr_carea' id='block_1_4' title="bbox 0 0 1242 4050">
    <p class='ocr_par' dir='ltr' id='par_1_4' title="bbox 0 0 1242 4050">
     <span class='ocr_line' id='line_1_38' title="bbox 0 0 1242 4050; baseline 0 1"><span class='ocrx_word' id='word_1_241' title='bbox 0 0 1242 4050; x_wconf 95' lang='lat' dir='ltr'> </span> 
     </span>
    </p>
   </div>
  </div>
 </body>
</html>
