<?xml version="1.0" encoding="UTF-8"?>
<!DOCTYPE html PUBLIC "-//W3C//DTD XHTML 1.0 Transitional//EN"
    "http://www.w3.org/TR/xhtml1/DTD/xhtml1-transitional.dtd">
<html xmlns="http://www.w3.org/1999/xhtml" xml:lang="en" lang="en">
 <head>
  <title>
</title>
<meta http-equiv="Content-Type" content="text/html;charset=utf-8" />
  <meta name='ocr-system' content='tesseract 3.04.00' />
  <meta name='ocr-capabilities' content='ocr_page ocr_carea ocr_par ocr_line ocrx_word'/>
</head>
<body>
  <div class='ocr_page' id='page_1' title='image "./deutschelyriker01elligoog_0159.png"; bbox 0 0 2476 4050; ppageno 0'>
   <div class='ocr_carea' id='block_1_1' title="bbox 83 210 1029 270">
    <p class='ocr_par' dir='ltr' id='par_1_1' title="bbox 83 210 1029 270">
     <span class='ocr_line' id='line_1_1' title="bbox 83 210 1029 270; baseline -0.004 -1"><span class='ocrx_word' id='word_1_1' title='bbox 83 225 126 269; x_wconf 78' lang='lat' dir='ltr'>rx.</span> <span class='ocrx_word' id='word_1_2' title='bbox 153 223 304 270; x_wconf 75' lang='lat' dir='ltr'>moouuvs</span> <span class='ocrx_word' id='word_1_3' title='bbox 325 222 522 268; x_wconf 80' lang='lat' dir='ltr'>ancoruervs.</span> <span class='ocrx_word' id='word_1_4' title='bbox 569 221 694 266; x_wconf 78' lang='grc'><strong>11111111</strong></span> <span class='ocrx_word' id='word_1_5' title='bbox 716 218 930 266; x_wconf 77' lang='grc'><strong>1111111111.</strong></span> <span class='ocrx_word' id='word_1_6' title='bbox 975 210 1029 266; x_wconf 87' lang='grc'>111</span> 
     </span>
    </p>
   </div>
   <div class='ocr_carea' id='block_1_2' title="bbox 64 397 995 1798">
    <p class='ocr_par' dir='ltr' id='par_1_2' title="bbox 64 397 995 1798">
     <span class='ocr_line' id='line_1_2' title="bbox 162 397 846 458; baseline -0.007 0"><span class='ocrx_word' id='word_1_7' title='bbox 162 402 313 458; x_wconf 86' lang='lat' dir='ltr'>Adversus</span> <span class='ocrx_word' id='word_1_8' title='bbox 336 405 447 457; x_wconf 88' lang='lat' dir='ltr'>sectam</span> <span class='ocrx_word' id='word_1_9' title='bbox 468 399 545 456; x_wconf 88' lang='lat' dir='ltr'>bella</span> <span class='ocrx_word' id='word_1_10' title='bbox 567 397 711 456; x_wconf 87' lang='lat' dir='ltr'>movenda</span> <span class='ocrx_word' id='word_1_11' title='bbox 732 415 846 456; x_wconf 78' lang='lat' dir='ltr'>novam.</span> 
     </span>
     <span class='ocr_line' id='line_1_3' title="bbox 121 491 954 566; baseline -0.005 -12"><span class='ocrx_word' id='word_1_12' title='bbox 121 495 179 554; x_wconf 85' lang='lat' dir='ltr'>Sed</span> <span class='ocrx_word' id='word_1_13' title='bbox 201 502 300 553; x_wconf 86' lang='lat' dir='ltr'>tamen</span> <span class='ocrx_word' id='word_1_14' title='bbox 321 494 400 551; x_wconf 91' lang='lat' dir='ltr'>haud</span> <span class='ocrx_word' id='word_1_15' title='bbox 422 494 517 566; x_wconf 85' lang='lat' dir='ltr'>potuit</span> <span class='ocrx_word' id='word_1_16' title='bbox 541 492 698 550; x_wconf 86' lang='lat' dir='ltr'>concordia</span> <span class='ocrx_word' id='word_1_17' title='bbox 720 491 804 550; x_wconf 86' lang='lat' dir='ltr'>firma</span> <span class='ocrx_word' id='word_1_18' title='bbox 826 509 954 562; x_wconf 85' lang='lat' dir='ltr'>manere,</span> 
     </span>
     <span class='ocr_line' id='line_1_4' title="bbox 163 586 822 648; baseline -0.006 -1"><span class='ocrx_word' id='word_1_19' title='bbox 163 591 295 648; x_wconf 88' lang='lat' dir='ltr'>Prosiliit</span> <span class='ocrx_word' id='word_1_20' title='bbox 318 606 418 646; x_wconf 89' lang='lat' dir='ltr'>rursus</span> <span class='ocrx_word' id='word_1_21' title='bbox 442 587 541 645; x_wconf 83' lang='lat' dir='ltr'>Gallus</span> <span class='ocrx_word' id='word_1_22' title='bbox 565 588 603 645; x_wconf 90' lang='lat' dir='ltr'>ad</span> <span class='ocrx_word' id='word_1_23' title='bbox 625 604 707 644; x_wconf 90' lang='lat' dir='ltr'>arma</span> <span class='ocrx_word' id='word_1_24' title='bbox 729 586 822 645; x_wconf 85' lang='lat' dir='ltr'>ferox.</span> 
     </span>
     <span class='ocr_line' id='line_1_5' title="bbox 64 682 844 753; baseline -0.01 -5"><span class='ocrx_word' id='word_1_25' title='bbox 64 686 297 748; x_wconf 58' lang='grc'><strong>111-,8111111111</strong></span> <span class='ocrx_word' id='word_1_26' title='bbox 321 700 435 741; x_wconf 80' lang='lat' dir='ltr'>cessere</span> <span class='ocrx_word' id='word_1_27' title='bbox 457 688 561 750; x_wconf 87' lang='lat' dir='ltr'>metus,</span> <span class='ocrx_word' id='word_1_28' title='bbox 586 699 701 740; x_wconf 78' lang='lat' dir='ltr'>cessere</span> <span class='ocrx_word' id='word_1_29' title='bbox 724 682 844 753; x_wconf 90' lang='lat' dir='ltr'>pericla,</span> 
     </span>
     <span class='ocr_line' id='line_1_6' title="bbox 164 778 744 850; baseline -0.009 -12"><span class='ocrx_word' id='word_1_30' title='bbox 164 780 272 838; x_wconf 89' lang='lat' dir='ltr'>Amisit</span> <span class='ocrx_word' id='word_1_31' title='bbox 294 778 385 836; x_wconf 87' lang='lat' dir='ltr'>robur</span> <span class='ocrx_word' id='word_1_32' title='bbox 406 779 504 850; x_wconf 86' lang='lat' dir='ltr'>pactio</span> <span class='ocrx_word' id='word_1_33' title='bbox 528 783 557 834; x_wconf 88' lang='grc'>11</span> <span class='ocrx_word' id='word_1_34' title='bbox 580 778 630 834; x_wconf 92' lang='lat' dir='ltr'>illa</span> <span class='ocrx_word' id='word_1_35' title='bbox 653 794 744 834; x_wconf 89' lang='lat' dir='ltr'>suum.</span> 
     </span>
     <span class='ocr_line' id='line_1_7' title="bbox 122 873 982 944; baseline -0.006 -11"><span class='ocrx_word' id='word_1_36' title='bbox 122 876 169 934; x_wconf 85' lang='lat' dir='ltr'>Sic</span> <span class='ocrx_word' id='word_1_37' title='bbox 191 875 270 932; x_wconf 91' lang='lat' dir='ltr'>Deus</span> <span class='ocrx_word' id='word_1_38' title='bbox 295 874 477 944; x_wconf 86' lang='lat' dir='ltr'>omnipotens</span> <span class='ocrx_word' id='word_1_39' title='bbox 501 888 617 944; x_wconf 86' lang='lat' dir='ltr'>semper</span> <span class='ocrx_word' id='word_1_40' title='bbox 639 876 690 929; x_wconf 92' lang='lat' dir='ltr'>tua</span> <span class='ocrx_word' id='word_1_41' title='bbox 713 876 818 944; x_wconf 87' lang='lat' dir='ltr'>coepta</span> <span class='ocrx_word' id='word_1_42' title='bbox 840 873 982 944; x_wconf 82' lang='lat' dir='ltr'>repressit</span> 
     </span>
     <span class='ocr_line' id='line_1_8' title="bbox 165 966 759 1027; baseline -0.008 0"><span class='ocrx_word' id='word_1_43' title='bbox 165 969 294 1027; x_wconf 88' lang='lat' dir='ltr'>Consilia</span> <span class='ocrx_word' id='word_1_44' title='bbox 317 968 448 1025; x_wconf 91' lang='lat' dir='ltr'>obiciens</span> <span class='ocrx_word' id='word_1_45' title='bbox 472 972 574 1024; x_wconf 84' lang='lat' dir='ltr'>extera</span> <span class='ocrx_word' id='word_1_46' title='bbox 596 966 672 1024; x_wconf 89' lang='lat' dir='ltr'>bella</span> <span class='ocrx_word' id='word_1_47' title='bbox 695 967 759 1023; x_wconf 89' lang='lat' dir='ltr'>tihi.</span> 
     </span>
     <span class='ocr_line' id='line_1_9' title="bbox 122 1061 957 1135; baseline -0.005 -13"><span class='ocrx_word' id='word_1_48' title='bbox 122 1065 259 1135; x_wconf 85' lang='lat' dir='ltr'>Quamvis</span> <span class='ocrx_word' id='word_1_49' title='bbox 282 1081 351 1135; x_wconf 80' lang='lat' dir='ltr'>orgo</span> <span class='ocrx_word' id='word_1_50' title='bbox 376 1079 470 1119; x_wconf 88' lang='lat' dir='ltr'>armes</span> <span class='ocrx_word' id='word_1_51' title='bbox 493 1061 673 1129; x_wconf 78' lang='lat' dir='ltr'>metuendas,</span> <span class='ocrx_word' id='word_1_52' title='bbox 699 1061 812 1130; x_wconf 77' lang='lat' dir='ltr'>Carme,</span> <span class='ocrx_word' id='word_1_53' title='bbox 838 1067 957 1130; x_wconf 82' lang='lat' dir='ltr'>turmas,</span> 
     </span>
     <span class='ocr_line' id='line_1_10' title="bbox 65 1157 775 1228; baseline -0.006 -12"><span class='ocrx_word' id='word_1_54' title='bbox 65 1180 108 1222; x_wconf 87' lang='lat'>110</span> <span class='ocrx_word' id='word_1_55' title='bbox 165 1159 204 1215; x_wconf 86' lang='lat' dir='ltr'>Vt</span> <span class='ocrx_word' id='word_1_56' title='bbox 225 1163 342 1216; x_wconf 89' lang='lat' dir='ltr'>nostros</span> <span class='ocrx_word' id='word_1_57' title='bbox 365 1157 445 1214; x_wconf 88' lang='lat' dir='ltr'>ferro</span> <span class='ocrx_word' id='word_1_58' title='bbox 469 1157 655 1228; x_wconf 89' lang='lat' dir='ltr'>depopuleris</span> <span class='ocrx_word' id='word_1_59' title='bbox 679 1173 775 1228; x_wconf 67' lang='lat' dir='ltr'>agros</span> 
     </span>
     <span class='ocr_line' id='line_1_11' title="bbox 123 1250 874 1325; baseline -0.005 -14"><span class='ocrx_word' id='word_1_60' title='bbox 123 1254 312 1325; x_wconf 78' lang='lat' dir='ltr'>Quantumvis</span> <span class='ocrx_word' id='word_1_61' title='bbox 336 1253 436 1325; x_wconf 87' lang='lat' dir='ltr'>cupias</span> <span class='ocrx_word' id='word_1_62' title='bbox 460 1251 613 1309; x_wconf 87' lang='lat' dir='ltr'>Germanis</span> <span class='ocrx_word' id='word_1_63' title='bbox 636 1250 737 1308; x_wconf 84' lang='lat' dir='ltr'>indere</span> <span class='ocrx_word' id='word_1_64' title='bbox 760 1250 874 1308; x_wconf 86' lang='lat' dir='ltr'>frenum</span> 
     </span>
     <span class='ocr_line' id='line_1_12' title="bbox 164 1344 835 1418; baseline -0.006 -12"><span class='ocrx_word' id='word_1_65' title='bbox 164 1349 205 1406; x_wconf 84' lang='lat' dir='ltr'>Et</span> <span class='ocrx_word' id='word_1_66' title='bbox 228 1349 325 1406; x_wconf 89' lang='lat' dir='ltr'>delere</span> <span class='ocrx_word' id='word_1_67' title='bbox 348 1364 460 1405; x_wconf 89' lang='lat' dir='ltr'>sacram</span> <span class='ocrx_word' id='word_1_68' title='bbox 484 1347 568 1418; x_wconf 84' lang='lat' dir='ltr'>vique</span> <span class='ocrx_word' id='word_1_69' title='bbox 591 1346 715 1418; x_wconf 85' lang='lat' dir='ltr'>doloque</span> <span class='ocrx_word' id='word_1_70' title='bbox 739 1344 835 1414; x_wconf 86' lang='lat' dir='ltr'>fidem,</span> 
     </span>
     <span class='ocr_line' id='line_1_13' title="bbox 121 1440 995 1514; baseline -0.006 -12"><span class='ocrx_word' id='word_1_71' title='bbox 121 1444 188 1502; x_wconf 84' lang='lat' dir='ltr'>Non</span> <span class='ocrx_word' id='word_1_72' title='bbox 210 1450 308 1501; x_wconf 82' lang='lat' dir='ltr'>tamen</span> <span class='ocrx_word' id='word_1_73' title='bbox 330 1447 461 1514; x_wconf 90' lang='lat' dir='ltr'>optatam</span> <span class='ocrx_word' id='word_1_74' title='bbox 483 1440 593 1499; x_wconf 86' lang='lat' dir='ltr'>referes</span> <span class='ocrx_word' id='word_1_75' title='bbox 616 1441 698 1510; x_wconf 91' lang='lat' dir='ltr'>heus,</span> <span class='ocrx_word' id='word_1_76' title='bbox 724 1440 837 1510; x_wconf 87' lang='lat' dir='ltr'>Carole,</span> <span class='ocrx_word' id='word_1_77' title='bbox 861 1441 995 1513; x_wconf 87' lang='lat' dir='ltr'>palmam,</span> 
     </span>
     <span class='ocr_line' id='line_1_14' title="bbox 165 1533 848 1608; baseline -0.004 -14"><span class='ocrx_word' id='word_1_78' title='bbox 165 1539 254 1595; x_wconf 81' lang='lat' dir='ltr'>Hisce</span> <span class='ocrx_word' id='word_1_79' title='bbox 278 1537 335 1594; x_wconf 82' lang='lat' dir='ltr'>tuis</span> <span class='ocrx_word' id='word_1_80' title='bbox 360 1537 471 1608; x_wconf 88' lang='lat' dir='ltr'>coeptis</span> <span class='ocrx_word' id='word_1_81' title='bbox 495 1536 613 1592; x_wconf 89' lang='lat' dir='ltr'>numina</span> <span class='ocrx_word' id='word_1_82' title='bbox 635 1536 713 1592; x_wconf 87' lang='lat' dir='ltr'>nulla</span> <span class='ocrx_word' id='word_1_83' title='bbox 735 1533 848 1592; x_wconf 84' lang='lat' dir='ltr'>favent:</span> 
     </span>
     <span class='ocr_line' id='line_1_15' title="bbox 68 1629 870 1701; baseline -0.01 -8"><span class='ocrx_word' id='word_1_84' title='bbox 68 1652 110 1694; x_wconf 82' lang='lat'>115</span> <span class='ocrx_word' id='word_1_85' title='bbox 124 1633 242 1701; x_wconf 84' lang='lat' dir='ltr'>Bellica,</span> <span class='ocrx_word' id='word_1_86' title='bbox 268 1632 355 1689; x_wconf 88' lang='lat' dir='ltr'>crede</span> <span class='ocrx_word' id='word_1_87' title='bbox 377 1630 457 1699; x_wconf 82' lang='lat' dir='ltr'>milri,</span> <span class='ocrx_word' id='word_1_88' title='bbox 482 1631 573 1686; x_wconf 88' lang='lat' dir='ltr'>virtus</span> <span class='ocrx_word' id='word_1_89' title='bbox 596 1629 644 1686; x_wconf 91' lang='lat' dir='ltr'>hic</span> <span class='ocrx_word' id='word_1_90' title='bbox 666 1634 730 1686; x_wconf 85' lang='lat' dir='ltr'>tota</span> <span class='ocrx_word' id='word_1_91' title='bbox 752 1629 870 1698; x_wconf 88' lang='lat' dir='ltr'>iacebit,</span> 
     </span>
     <span class='ocr_line' id='line_1_16' title="bbox 167 1723 908 1798; baseline -0.008 -13"><span class='ocrx_word' id='word_1_92' title='bbox 167 1727 247 1785; x_wconf 88' lang='lat' dir='ltr'>Haec</span> <span class='ocrx_word' id='word_1_93' title='bbox 271 1726 337 1798; x_wconf 88' lang='lat' dir='ltr'>quia</span> <span class='ocrx_word' id='word_1_94' title='bbox 360 1726 418 1782; x_wconf 89' lang='lat' dir='ltr'>iam</span> <span class='ocrx_word' id='word_1_95' title='bbox 441 1724 559 1783; x_wconf 88' lang='lat' dir='ltr'>Christo</span> <span class='ocrx_word' id='word_1_96' title='bbox 581 1723 659 1781; x_wconf 90' lang='lat' dir='ltr'>bella</span> <span class='ocrx_word' id='word_1_97' title='bbox 680 1728 797 1781; x_wconf 85' lang='lat' dir='ltr'>vetante</span> <span class='ocrx_word' id='word_1_98' title='bbox 821 1725 908 1796; x_wconf 80' lang='lat' dir='ltr'>geris,</span> 
     </span>
    </p>
   </div>
   <div class='ocr_carea' id='block_1_3' title="bbox 323 2116 782 2175">
    <p class='ocr_par' dir='ltr' id='par_1_3' title="bbox 323 2116 782 2175">
     <span class='ocr_line' id='line_1_17' title="bbox 323 2116 782 2175; baseline -0.002 0"><span class='ocrx_word' id='word_1_99' title='bbox 323 2117 485 2175; x_wconf 88' lang='lat' dir='ltr'>THOMAS</span> <span class='ocrx_word' id='word_1_100' title='bbox 508 2116 782 2175; x_wconf 82' lang='lat' dir='ltr'>NAOGEORCVS.</span> 
     </span>
    </p>
   </div>
   <div class='ocr_carea' id='block_1_4' title="bbox 486 2263 616 2322">
    <p class='ocr_par' dir='ltr' id='par_1_4' title="bbox 486 2263 616 2322">
     <span class='ocr_line' id='line_1_18' title="bbox 486 2263 616 2322; baseline 0.008 -1"><span class='ocrx_word' id='word_1_101' title='bbox 486 2263 616 2322; x_wconf 87' lang='lat' dir='ltr'>Satira.</span> 
     </span>
    </p>
   </div>
   <div class='ocr_carea' id='block_1_5' title="bbox 71 2384 1017 3692">
    <p class='ocr_par' dir='ltr' id='par_1_5' title="bbox 110 2384 948 2459">
     <span class='ocr_line' id='line_1_19' title="bbox 110 2384 948 2459; baseline 0.002 -18"><span class='ocrx_word' id='word_1_102' title='bbox 110 2386 185 2455; x_wconf 76' lang='lat' dir='ltr'>Quid</span> <span class='ocrx_word' id='word_1_103' title='bbox 209 2385 318 2457; x_wconf 86' lang='lat' dir='ltr'>cupias,</span> <span class='ocrx_word' id='word_1_104' title='bbox 342 2385 454 2441; x_wconf 85' lang='lat' dir='ltr'>iuvenis</span> <span class='ocrx_word' id='word_1_105' title='bbox 476 2384 562 2455; x_wconf 87' lang='lat' dir='ltr'>bone,</span> <span class='ocrx_word' id='word_1_106' title='bbox 586 2385 635 2442; x_wconf 82' lang='lat' dir='ltr'>vix</span> <span class='ocrx_word' id='word_1_107' title='bbox 657 2386 794 2459; x_wconf 82' lang='lat' dir='ltr'>intellego</span> <span class='ocrx_word' id='word_1_108' title='bbox 819 2387 948 2444; x_wconf 91' lang='lat' dir='ltr'>demum:</span> 
     </span>
    </p>

    <p class='ocr_par' dir='ltr' id='par_1_6' title="bbox 73 2479 900 2743">
     <span class='ocr_line' id='line_1_20' title="bbox 73 2479 798 2553; baseline 0 -15"><span class='ocrx_word' id='word_1_109' title='bbox 73 2520 75 2524; x_wconf 29' lang='grc' dir='ltr'><em>ψ</em></span> <span class='ocrx_word' id='word_1_110' title='bbox 108 2481 222 2538; x_wconf 88' lang='lat' dir='ltr'>Doctor</span> <span class='ocrx_word' id='word_1_111' title='bbox 243 2479 379 2537; x_wconf 89' lang='lat' dir='ltr'>nimirum</span> <span class='ocrx_word' id='word_1_112' title='bbox 401 2480 501 2552; x_wconf 91' lang='lat' dir='ltr'>populi</span> <span class='ocrx_word' id='word_1_113' title='bbox 523 2486 682 2553; x_wconf 78' lang='lat' dir='ltr'>pastorque</span> <span class='ocrx_word' id='word_1_114' title='bbox 705 2480 798 2539; x_wconf 87' lang='lat' dir='ltr'>videri</span> 
     </span>
     <span class='ocr_line' id='line_1_21' title="bbox 109 2574 900 2648; baseline 0.004 -17"><span class='ocrx_word' id='word_1_115' title='bbox 109 2575 216 2648; x_wconf 84' lang='lat' dir='ltr'>Visque</span> <span class='ocrx_word' id='word_1_116' title='bbox 239 2575 315 2632; x_wconf 91' lang='lat' dir='ltr'>viam</span> <span class='ocrx_word' id='word_1_117' title='bbox 338 2575 396 2632; x_wconf 90' lang='lat' dir='ltr'>dici</span> <span class='ocrx_word' id='word_1_118' title='bbox 418 2574 535 2632; x_wconf 84' lang='lat' dir='ltr'>facilem</span> <span class='ocrx_word' id='word_1_119' title='bbox 558 2575 620 2646; x_wconf 85' lang='lat' dir='ltr'>tibi,</span> <span class='ocrx_word' id='word_1_120' title='bbox 643 2593 699 2648; x_wconf 90' lang='lat' dir='ltr'>qua</span> <span class='ocrx_word' id='word_1_121' title='bbox 722 2578 780 2634; x_wconf 88' lang='lat' dir='ltr'>cito</span> <span class='ocrx_word' id='word_1_122' title='bbox 804 2579 900 2648; x_wconf 89' lang='lat' dir='ltr'>possis</span> 
     </span>
     <span class='ocr_line' id='line_1_22' title="bbox 110 2668 879 2743; baseline 0.004 -18"><span class='ocrx_word' id='word_1_123' title='bbox 110 2670 190 2727; x_wconf 86' lang='lat' dir='ltr'>Inter</span> <span class='ocrx_word' id='word_1_124' title='bbox 211 2670 385 2743; x_wconf 88' lang='lat' dir='ltr'>praecipuos</span> <span class='ocrx_word' id='word_1_125' title='bbox 410 2668 519 2726; x_wconf 85' lang='lat' dir='ltr'>Christi</span> <span class='ocrx_word' id='word_1_126' title='bbox 543 2671 696 2727; x_wconf 87' lang='lat' dir='ltr'>emersisse</span> <span class='ocrx_word' id='word_1_127' title='bbox 719 2672 879 2730; x_wconf 88' lang='lat' dir='ltr'>ministros.</span> 
     </span>
    </p>

    <p class='ocr_par' dir='ltr' id='par_1_7' title="bbox 80 2763 1017 3220">
     <span class='ocr_line' id='line_1_23' title="bbox 80 2763 931 2840; baseline 0.004 -18"><span class='ocrx_word' id='word_1_128' title='bbox 80 2763 181 2823; x_wconf 76' lang='lat' dir='ltr'>ollem</span> <span class='ocrx_word' id='word_1_129' title='bbox 204 2764 285 2835; x_wconf 90' lang='lat' dir='ltr'>cupis</span> <span class='ocrx_word' id='word_1_130' title='bbox 309 2765 457 2836; x_wconf 79' lang='lat' dir='ltr'>egregiam</span> <span class='ocrx_word' id='word_1_131' title='bbox 480 2764 633 2821; x_wconf 88' lang='lat' dir='ltr'>Tarsensis</span> <span class='ocrx_word' id='word_1_132' title='bbox 657 2765 737 2822; x_wconf 88' lang='lat' dir='ltr'>dieta</span> <span class='ocrx_word' id='word_1_133' title='bbox 760 2767 931 2840; x_wconf 64' lang='lat' dir='ltr'>secundum</span> 
     </span>
     <span class='ocr_line' id='line_1_24' title="bbox 110 2857 926 2933; baseline 0.006 -19"><span class='ocrx_word' id='word_1_134' title='bbox 110 2858 232 2916; x_wconf 87' lang='lat' dir='ltr'>Munere</span> <span class='ocrx_word' id='word_1_135' title='bbox 256 2859 418 2929; x_wconf 88' lang='lat' dir='ltr'>apostolico</span> <span class='ocrx_word' id='word_1_136' title='bbox 441 2857 522 2930; x_wconf 83' lang='lat' dir='ltr'>fungi</span> <span class='ocrx_word' id='word_1_137' title='bbox 544 2874 592 2915; x_wconf 89' lang='lat' dir='ltr'>res</span> <span class='ocrx_word' id='word_1_138' title='bbox 615 2859 741 2917; x_wconf 86' lang='lat' dir='ltr'>maxima</span> <span class='ocrx_word' id='word_1_139' title='bbox 763 2862 848 2933; x_wconf 83' lang='lat' dir='ltr'>longe</span> <span class='ocrx_word' id='word_1_140' title='bbox 873 2868 926 2920; x_wconf 86' lang='lat' dir='ltr'>est.</span> 
     </span>
     <span class='ocr_line' id='line_1_25' title="bbox 107 2951 958 3024; baseline 0.008 -15"><span class='ocrx_word' id='word_1_141' title='bbox 107 2953 182 3009; x_wconf 86' lang='lat' dir='ltr'>Nam</span> <span class='ocrx_word' id='word_1_142' title='bbox 206 2958 344 3024; x_wconf 85' lang='lat' dir='ltr'>quantum</span> <span class='ocrx_word' id='word_1_143' title='bbox 366 2970 473 3011; x_wconf 87' lang='lat' dir='ltr'>nomen</span> <span class='ocrx_word' id='word_1_144' title='bbox 496 2951 605 3010; x_wconf 84' lang='lat' dir='ltr'>Christi</span> <span class='ocrx_word' id='word_1_145' title='bbox 627 2954 783 3012; x_wconf 86' lang='lat' dir='ltr'>inlustrare</span> <span class='ocrx_word' id='word_1_146' title='bbox 807 2956 958 3016; x_wconf 84' lang='lat' dir='ltr'>docendo!</span> 
     </span>
     <span class='ocr_line' id='line_1_26' title="bbox 108 3046 1017 3125; baseline 0.011 -22"><span class='ocrx_word' id='word_1_147' title='bbox 108 3046 175 3104; x_wconf 90' lang='lat' dir='ltr'>Non</span> <span class='ocrx_word' id='word_1_148' title='bbox 197 3053 268 3119; x_wconf 87' lang='lat' dir='ltr'>puto</span> <span class='ocrx_word' id='word_1_149' title='bbox 291 3052 321 3105; x_wconf 88' lang='lat' dir='ltr'>te</span> <span class='ocrx_word' id='word_1_150' title='bbox 344 3053 479 3120; x_wconf 85' lang='lat' dir='ltr'>spectare</span> <span class='ocrx_word' id='word_1_151' title='bbox 502 3052 608 3118; x_wconf 88' lang='lat' dir='ltr'>tamen,</span> <span class='ocrx_word' id='word_1_152' title='bbox 632 3066 680 3107; x_wconf 86' lang='lat' dir='ltr'>res</span> <span class='ocrx_word' id='word_1_153' title='bbox 704 3051 797 3108; x_wconf 90' lang='lat' dir='ltr'>ardua</span> <span class='ocrx_word' id='word_1_154' title='bbox 819 3069 905 3123; x_wconf 90' lang='lat' dir='ltr'>quam</span> <span class='ocrx_word' id='word_1_155' title='bbox 929 3055 974 3125; x_wconf 87' lang='lat' dir='ltr'>sit,</span> <span class='ocrx_word' id='word_1_156' title='bbox 1013 3083 1017 3091; x_wconf 89' lang='lat'><strong>·</strong></span> 
     </span>
     <span class='ocr_line' id='line_1_27' title="bbox 110 3140 807 3220; baseline 0.006 -21"><span class='ocrx_word' id='word_1_157' title='bbox 110 3141 169 3199; x_wconf 86' lang='lat' dir='ltr'>Sed</span> <span class='ocrx_word' id='word_1_158' title='bbox 192 3159 277 3215; x_wconf 89' lang='lat' dir='ltr'>quam</span> <span class='ocrx_word' id='word_1_159' title='bbox 299 3140 379 3200; x_wconf 85' lang='lat' dir='ltr'>felici</span> <span class='ocrx_word' id='word_1_160' title='bbox 401 3143 556 3220; x_wconf 83' lang='lat' dir='ltr'>videantur</span> <span class='ocrx_word' id='word_1_161' title='bbox 579 3149 658 3202; x_wconf 84' lang='lat' dir='ltr'>sorte</span> <span class='ocrx_word' id='word_1_162' title='bbox 681 3146 807 3203; x_wconf 88' lang='lat' dir='ltr'>ministri</span> 
     </span>
    </p>

    <p class='ocr_par' dir='ltr' id='par_1_8' title="bbox 71 3237 954 3692">
     <span class='ocr_line' id='line_1_28' title="bbox 71 3237 810 3312; baseline 0.001 -14"><span class='ocrx_word' id='word_1_163' title='bbox 71 3255 99 3297; x_wconf 90' lang='grc'>11</span> <span class='ocrx_word' id='word_1_164' title='bbox 113 3237 171 3306; x_wconf 80' lang='lat' dir='ltr'>vri,</span> <span class='ocrx_word' id='word_1_165' title='bbox 197 3253 281 3308; x_wconf 67' lang='lat' dir='ltr'>cluam</span> <span class='ocrx_word' id='word_1_166' title='bbox 304 3239 389 3310; x_wconf 84' lang='lat' dir='ltr'>vulgo</span> <span class='ocrx_word' id='word_1_167' title='bbox 414 3238 489 3295; x_wconf 87' lang='lat' dir='ltr'>dites</span> <span class='ocrx_word' id='word_1_168' title='bbox 513 3245 707 3312; x_wconf 85' lang='lat' dir='ltr'>quantumque</span> <span class='ocrx_word' id='word_1_169' title='bbox 730 3240 810 3299; x_wconf 86' lang='lat' dir='ltr'>beati</span> 
     </span>
     <span class='ocr_line' id='line_1_29' title="bbox 111 3331 908 3404; baseline 0.013 -17"><span class='ocrx_word' id='word_1_170' title='bbox 111 3331 282 3403; x_wconf 80' lang='lat' dir='ltr'>Quantaque</span> <span class='ocrx_word' id='word_1_171' title='bbox 304 3349 357 3404; x_wconf 89' lang='lat' dir='ltr'>per</span> <span class='ocrx_word' id='word_1_172' title='bbox 380 3337 474 3391; x_wconf 84' lang='lat' dir='ltr'>tot-am</span> <span class='ocrx_word' id='word_1_173' title='bbox 496 3350 636 3392; x_wconf 88' lang='lat' dir='ltr'>concessa</span> <span class='ocrx_word' id='word_1_174' title='bbox 658 3335 703 3392; x_wconf 92' lang='lat' dir='ltr'>his</span> <span class='ocrx_word' id='word_1_175' title='bbox 727 3337 788 3394; x_wconf 83' lang='lat' dir='ltr'>otia</span> <span class='ocrx_word' id='word_1_176' title='bbox 811 3338 908 3397; x_wconf 88' lang='lat' dir='ltr'>vitam.</span> 
     </span>
     <span class='ocr_line' id='line_1_30' title="bbox 110 3425 904 3506; baseline 0.009 -23"><span class='ocrx_word' id='word_1_177' title='bbox 110 3425 185 3483; x_wconf 85' lang='lat' dir='ltr'>Nam</span> <span class='ocrx_word' id='word_1_178' title='bbox 209 3426 251 3482; x_wconf 86' lang='lat' dir='ltr'>sic</span> <span class='ocrx_word' id='word_1_179' title='bbox 276 3427 440 3498; x_wconf 85' lang='lat' dir='ltr'>complures</span> <span class='ocrx_word' id='word_1_180' title='bbox 465 3433 592 3498; x_wconf 85' lang='lat' dir='ltr'>censent,</span> <span class='ocrx_word' id='word_1_181' title='bbox 616 3429 659 3487; x_wconf 90' lang='lat' dir='ltr'>sic</span> <span class='ocrx_word' id='word_1_182' title='bbox 681 3431 755 3488; x_wconf 92' lang='lat' dir='ltr'>reris</span> <span class='ocrx_word' id='word_1_183' title='bbox 779 3434 904 3506; x_wconf 88' lang='lat' dir='ltr'>etipse.</span> 
     </span>
     <span class='ocr_line' id='line_1_31' title="bbox 111 3520 919 3598; baseline 0.012 -22"><span class='ocrx_word' id='word_1_184' title='bbox 111 3520 203 3577; x_wconf 91' lang='lat' dir='ltr'>Porro</span> <span class='ocrx_word' id='word_1_185' title='bbox 228 3521 410 3593; x_wconf 83' lang='lat' dir='ltr'>evangelium</span> <span class='ocrx_word' id='word_1_186' title='bbox 433 3523 569 3595; x_wconf 88' lang='lat' dir='ltr'>quoniam</span> <span class='ocrx_word' id='word_1_187' title='bbox 592 3522 795 3598; x_wconf 82' lang='lat' dir='ltr'>Christumque</span> <span class='ocrx_word' id='word_1_188' title='bbox 820 3520 919 3588; x_wconf 84' lang='lat' dir='ltr'>doceri</span> 
     </span>
     <span class='ocr_line' id='line_1_32' title="bbox 111 3613 954 3692; baseline 0.013 -21"><span class='ocrx_word' id='word_1_189' title='bbox 111 3616 247 3685; x_wconf 80' lang='lat' dir='ltr'>Qualibet</span> <span class='ocrx_word' id='word_1_190' title='bbox 270 3632 305 3674; x_wconf 87' lang='lat' dir='ltr'>ex</span> <span class='ocrx_word' id='word_1_191' title='bbox 329 3631 418 3675; x_wconf 89' lang='lat' dir='ltr'>causa</span> <span class='ocrx_word' id='word_1_192' title='bbox 441 3616 548 3675; x_wconf 90' lang='lat' dir='ltr'>Paulus</span> <span class='ocrx_word' id='word_1_193' title='bbox 571 3619 698 3678; x_wconf 90' lang='lat' dir='ltr'>tolerare</span> <span class='ocrx_word' id='word_1_194' title='bbox 721 3621 845 3692; x_wconf 85' lang='lat' dir='ltr'>videtur,</span> <span class='ocrx_word' id='word_1_195' title='bbox 952 3613 954 3618; x_wconf 60' lang='grc'>’</span> 
     </span>
    </p>
   </div>
   <div class='ocr_carea' id='block_1_6' title="bbox 0 0 1242 4050">
    <p class='ocr_par' dir='ltr' id='par_1_9' title="bbox 0 0 1242 4050">
     <span class='ocr_line' id='line_1_33' title="bbox 0 0 1242 4050; baseline 0 0"><span class='ocrx_word' id='word_1_196' title='bbox 0 0 1242 4050; x_wconf 95' lang='lat' dir='ltr'> </span> 
     </span>
    </p>
   </div>
  </div>
 </body>
</html>
