2476 4050
323 187 350 232 v.
373 186 480 232 rvsrvs
503 186 662 232 vvararrs.
707 186 799 230 naras
822 185 983 231 conradvs,
1100 175 1139 232 63

250 364 451 420 Praeteritum
474 363 551 419 ratio
574 362 653 420 nulla
676 361 787 420 referre
809 367 921 434 potest;

209 461 249 515 At
273 458 360 515 dubia
383 457 436 514 sub
460 463 546 514 nocte
568 458 642 514 latet
663 458 861 529 premiturque
884 456 1021 527 futurum,

253 553 328 609 Fors
351 551 382 608 id
405 569 455 623 spe
478 551 580 608 melius
604 552 769 609 deteriusve
793 552 887 609 cadat.

210 647 304 704 Laeta
328 653 462 704 serenata
484 645 559 703 facie
583 646 740 717 capiamus,
765 646 859 715 amici,

170 763 197 803 10
255 741 364 799 Pocula
388 759 451 798 curn
475 739 590 812 Cereris
614 741 683 798 dote
705 741 818 813 levique
841 741 917 799 ioco.

212 837 278 894 Non
302 853 385 893 secus
409 852 443 892 ae
465 836 545 892 venti
567 837 630 893 leve
652 853 705 892 ver
727 852 871 908 aurasque
894 836 1025 894 salubres

256 932 426 988 Restituunt
448 930 581 987 timidam
603 935 686 1001 peste
709 935 828 1001 petente
850 929 958 1002 fugam,

214 1026 391 1098 Corporibus
415 1025 491 1081 vires
514 1024 638 1083 redeunt
661 1025 806 1097 roburque
829 1031 978 1097 receptum
997 1065 999 1068 ψ

257 1123 347 1178 Plena
369 1119 536 1176 reconlecto
559 1119 689 1176 membra
711 1119 811 1191 vigore
834 1125 931 1192 novat,

170 1237 196 1277 15
213 1217 365 1284 Convenit,
389 1220 421 1271 ut
443 1220 555 1271 mentes
577 1214 680 1271 itidem
702 1230 835 1271 maerore
858 1215 968 1272 solutas

256 1311 440 1367 Exhaustum
463 1313 577 1366 recreet
600 1313 686 1366 nocto
710 1308 814 1381 dicque
837 1327 955 1366 merum.

213 1406 271 1462 Sed
295 1405 397 1461 modus
422 1409 451 1460 et
473 1404 565 1460 virtus
589 1403 722 1461 convivia
744 1409 846 1461 nostra
868 1404 1019 1476 gubernet,

234 1498 383 1556 ¹Excluso
406 1503 530 1569 pereunt
553 1499 650 1555 omnia
672 1499 750 1555 laeta
771 1499 867 1556 modo.
941 1570 954 1578 ι

212 1596 287 1650 Nam
311 1593 374 1665 quis
397 1591 433 1648 ab
457 1593 575 1649 immani
599 1593 703 1663 cyatho
726 1593 887 1664 grandique
911 1594 992 1651 diota

171 1709 199 1748 10
257 1687 404 1744 Laet'tiae
428 1702 529 1743 sensus
551 1692 674 1757 pectora
695 1686 774 1744 fessa
798 1686 874 1744 ciet?

215 1782 253 1838 Vt
276 1781 373 1838 Venus
398 1780 526 1837 oblectat
548 1780 700 1838 moderato
724 1782 836 1852 gratior
856 1800 920 1851 usu,

258 1875 305 1933 Sic
329 1876 424 1932 tenuis
447 1875 506 1931 vini
528 1892 573 1932 me
597 1891 710 1947 quoque
733 1881 817 1948 gutta
839 1877 924 1949 riget.

118 1972 120 1974 ’
215 1971 290 2040 Quid
312 1970 383 2027 1111111
406 1987 470 2027 cum
493 1970 579 2027 turba
601 1970 707 2027 levium
729 1987 817 2042 grave
841 1972 937 2029 olente
960 1972 1119 2031 bibonum?

258 2064 373 2122 Gaudia
395 2065 459 2135 plus
481 2065 566 2136 longe
589 2065 743 2122 moderata
764 2066 873 2125 iuvant.

172 2178 200 2217 aa
217 2159 264 2215 Sic
286 2159 356 2215 1111111
382 2158 531 2230 contingat
553 2165 654 2216 noctes
678 2161 792 2217 sociare
816 2161 919 2218 diebus

257 2251 400 2309 Noctibus
425 2258 454 2309 et
476 2253 578 2325 longos
603 2255 774 2312 continuare
797 2255 869 2313 dies

216 2348 303 2404 Adsit
326 2347 370 2404 vel
394 2347 485 2404 dulcis
509 2348 553 2405 vel
575 2365 635 2405 non
656 2350 782 2406 insulsus
806 2351 925 2420 amicae,

258 2442 403 2513 Tempora
427 2443 587 2514 conloquiis
610 2443 692 2501 fallat
716 2450 746 2501 et
768 2445 816 2502 illo
840 2445 908 2514 suis,

216 2538 275 2592 Aut
298 2542 395 2593 astent
416 2537 500 2608 pueri
522 2539 651 2596 variatas
675 2543 793 2610 gutture
817 2557 904 2596 voces

173 2651 201 2691 ao
260 2631 418 2703 Fingentes
440 2632 558 2689 modulo
583 2650 712 2690 consona
735 2633 824 2690 verba
847 2651 908 2702 suo,

216 2728 276 2782 Aut
299 2727 402 2797 aliquis
425 2732 542 2782 moveat
564 2726 683 2783 dubium
707 2727 784 2799 quod
807 2728 920 2784 solvere
943 2728 1053 2786 frustra

261 2820 407 2876 Convivae
432 2824 545 2876 certent
567 2821 721 2892 elicietque
744 2821 834 2878 iocos.

560 3041 764 3049 ᾕ-

495 3203 610 3262 ELIAS
636 3204 840 3264 OORVINVS.

534 3360 586 3416 Ad
611 3360 794 3417 Auroram.

215 3494 381 3553 Memnonis
405 3513 421 3552 o
446 3511 550 3553 croceo
573 3497 707 3568 genetrix
730 3497 801 3554 ades
824 3515 914 3557 aurea
937 3517 1033 3570 curru,

259 3586 325 3647 Huc
348 3589 418 3647 ades
442 3590 609 3662 adratum,
633 3592 714 3648 lutea
737 3591 812 3662 diva,
836 3594 946 3652 meum!
