2476 4050
331 213 373 257 ur.
403 209 554 255 mcomvs
578 209 775 256 anomacus.
983 197 1044 259 109

159 390 207 447 Sic
231 395 347 460 sceptra
370 387 485 459 imperii
508 387 588 444 salva
610 403 728 444 manere
751 396 867 460 queant,

116 487 196 542 Tune
220 485 316 541 auimo
339 484 448 540 invicto
471 482 600 554 prompti
622 486 673 539 tua
695 489 793 541 eastra
816 493 974 557 sequentur

157 580 262 645 Ambo,
287 578 374 635 credo
397 577 495 634 colent
516 581 584 633 tunc
607 582 659 633 tua
681 584 799 648 sceptra
821 578 923 638 libens.

68 695 101 736 aa
116 674 174 733 Sed
196 674 362 731 libertatem
384 672 499 743 patriae
522 671 649 728 retinere
672 670 808 730 laborant

162 771 206 826 Ac
228 769 349 826 horrent
372 783 465 839 papae
489 766 584 823 vincla
606 767 704 824 subire
727 768 826 825 trucis.

112 865 169 921 Hic
193 864 301 920 cultum
323 861 404 918 verbi
428 863 572 918 sincerum
595 861 713 918 sustulit
735 868 822 935 atque

154 958 264 1030 Turpia
287 957 439 1014 doctrinae
462 955 601 1012 scaudala
623 955 714 1014 multa
737 957 832 1029 dedit,

113 1055 231 1125 Ianique
254 1050 456 1108 Tridentinum
478 1066 538 1106 non
560 1066 632 1106 sana
654 1058 751 1108 mente
775 1054 871 1125 coegit

62 1171 96 1211 40
156 1147 325 1214 Concilium,
349 1152 381 1202 ut
404 1150 515 1202 sereret
538 1144 676 1216 dogmata
697 1144 772 1203 falsa
794 1147 898 1218 palam.

111 1243 186 1300 Huic
210 1259 241 1298 se
265 1239 416 1298 submittet
439 1256 508 1295 num
530 1255 616 1296 sacra
638 1241 762 1298 ecclesia
785 1241 904 1312 Christi,

154 1337 248 1393 Huius
271 1335 380 1392 iudicio
403 1339 537 1406 stentque
561 1334 723 1407 cadantque
745 1333 807 1407 pii?

110 1432 270 1489 Concilium
294 1428 425 1487 utnulla
448 1429 560 1500 poterit
581 1429 696 1487 ratione
718 1433 826 1500 vocari,

152 1527 249 1583 Iustus
272 1523 322 1581 ubi
345 1523 433 1580 iudex
455 1540 532 1594 papa
554 1524 657 1581 sedere
680 1524 771 1595 volet3

59 1642 92 1684 aa
109 1621 194 1678 Solus
218 1621 372 1690 disceptat,
397 1618 508 1684 statuit,
532 1635 728 1690 quaecmnque
752 1620 895 1690 videntur,

152 1715 256 1774 Ornuia
279 1714 356 1770 enim
377 1719 449 1769 nutu
471 1717 617 1785 temperat
638 1713 686 1770 ille
710 1731 762 1771 suo

94 1811 147 1867 ¹llt
171 1813 275 1867 cuncta
298 1807 419 1864 invertit
441 1807 539 1864 divina
561 1807 743 1881 humanaque
766 1810 839 1879 iura,

150 1904 244 1961 Huius
266 1902 344 1961 16116
366 1903 467 1974 nequit
488 1901 621 1960 Teutono
645 1909 724 1962 terra
747 1905 853 1977 iugum.

109 2000 194 2057 Hanc
217 2015 286 2071 crgo
309 1997 386 2055 bello
411 2015 528 2055 causam
550 2003 724 2068 praetexere
747 2000 840 2057 visum
864 2008 916 2072 est,

62 2114 93 2156 ao
153 2094 211 2152 Sed
233 2110 333 2150 veram
355 2109 475 2164 prorsus
499 2092 682 2150 dissimulare
706 2095 820 2167 studes,

108 2189 162 2246 1116
184 2188 236 2246 sed
260 2192 305 2245 est
328 2186 412 2243 huius
435 2186 503 2243 belli
526 2186 579 2243 tibi
603 2203 691 2245 causa
713 2189 856 2258 movendi,

150 2282 188 2340 Vt
209 2283 288 2355 patri
310 2299 403 2353 papae
428 2281 637 2352 complacuisse
660 2300 757 2354 queas,

107 2378 147 2435 Vt
170 2377 249 2434 duns
273 2394 373 2434 rursus
395 2376 491 2448 possis
515 2376 652 2434 cohibere
676 2379 795 2449 catenis,

17 2536 20 2540 Α
151 2471 228 2541 Quos
252 2488 339 2544 grave
363 2471 513 2528 servitium
535 2472 707 2543 deposuisse
730 2474 820 2542 vides,

60 2585 91 2627 oo
107 2566 146 2623 Vt
170 2567 254 2624 simul
276 2571 416 2638 agnoscat
439 2571 467 2623 te
491 2566 631 2623 Teutonis
655 2584 707 2625 ora
729 2571 915 2628 monarcham

149 2660 336 2733 Subicietque
359 2666 409 2717 tuo
433 2660 525 2717 libera
548 2661 623 2718 colla
644 2662 712 2734 iugo

106 2757 202 2827 Atque
224 2754 314 2813 fidem
336 2772 435 2813 veram
458 2772 522 2812 curn
546 2755 664 2812 Christo
688 2764 809 2829 respuat
831 2776 888 2816 11116

149 2850 190 2906 Et
211 2867 311 2907 rursus
334 2866 427 2921 papae
450 2851 564 2907 vincula
587 2850 660 2907 dura
682 2857 773 2922 gerat.

105 2947 147 3003 At.
169 2950 286 3016 sceptra
308 2945 422 3016 imperii
445 2945 583 3001 maiestas
607 2962 719 3002 summa
741 2948 871 3004 tonantis

61 3059 89 3102 oo
149 3038 280 3097 Contulit
302 3044 389 3111 atque
412 3039 495 3096 dedit
516 3040 641 3110 plurima
663 3057 753 3113 regna
775 3041 831 3098 tibi

104 3134 180 3202 Non,
205 3140 237 3191 ut
259 3151 312 3207 pro
335 3150 412 3205 papa
435 3134 565 3192 crudelia
583 3133 664 3193 'bella
686 3152 818 3195 moveres

149 3230 209 3286 Aut
231 3229 418 3301 perturbares
441 3229 539 3286 omnia
560 3229 658 3288 Marte
681 3231 771 3302 gravi,

105 3324 163 3381 Sed
185 3325 277 3395 nmgis
302 3325 398 3396 elegit,
422 3341 478 3397 quo
502 3324 736 3383 servantissimus
760 3326 845 3398 aequi

144 3417 272 3490 legibus
296 3419 372 3476 hunc
395 3419 497 3477 orbem
519 3419 688 3490 iustitiaque
711 3438 805 3493 regas,

61 3530 88 3572 ca
104 3513 227 3585 Vnigoni
250 3518 282 3568 ut
306 3520 420 3571 crescat
442 3513 494 3571 sub
519 3519 548 3570 te
571 3530 618 3570 res
640 3513 757 3585 publica
782 3515 901 3586 Christi,

146 3607 186 3665 Vt
208 3608 336 3665 studium
358 3608 439 3680 pacis
462 3606 569 3666 floreat
590 3624 680 3679 usque
703 3608 807 3668 bonae.
