2476 4050
435 218 454 260 1.
476 216 614 262 IOANNES
635 216 793 263 POSTHIVS.

171 392 275 450 Omnia
298 397 359 449 tum
382 393 459 449 dulci
482 393 554 450 mihi
578 399 712 464 tempora
735 394 818 451 melle
841 393 980 464 fluebant,

214 488 298 543 Nunc
321 487 387 544 felle
411 493 441 545 et
463 488 591 545 lacrimis
616 505 731 560 noxque
755 489 875 560 diesque
898 490 1025 546 madent.

144 583 215 641 sAt
237 581 351 653 quando
374 582 548 639 incolumem
571 600 616 640 me
641 581 704 639 fata
726 582 854 655 benigna
876 583 1025 652 reducent,

217 676 255 732 Vt
277 681 407 747 repet-am
431 677 589 747 amplexus,
615 694 683 733 cara
705 677 810 748 puella,
836 682 910 747 tuos

171 769 234 826 Lux
257 771 327 827 mihi
351 771 441 828 duleis
466 772 523 828 erit
545 772 696 843 noctisque
718 772 835 828 beatior
857 771 967 840 umbra,

220 864 441 939 Tlresaurosque
458 865 589 923 Arabum
613 883 757 938 regnaque
782 866 950 938 despiciam.

474 1070 524 1127 De
548 1087 666 1128 artiore
690 1088 760 1128 suo.

175 1180 308 1252 Iuppiter
329 1182 478 1239 horrende
503 1183 679 1239 contristans
702 1181 812 1254 frigore
837 1182 947 1239 caelum

217 1275 378 1334 Sarmatico
402 1278 498 1348 largas
521 1275 618 1334 fundit
640 1277 676 1333 ab
700 1294 754 1334 axe
778 1278 868 1346 nives

174 1369 284 1427 Nostra
306 1376 403 1428 tamen
425 1371 536 1442 rapidis
560 1376 683 1428 uruntur
705 1376 826 1442 pectora
848 1370 980 1439 flammis,

216 1464 279 1521 Nec
300 1466 433 1521 minuunt
455 1466 537 1536 ignes
560 1465 671 1537 frigora
694 1470 776 1522 tanta
799 1482 894 1537 meos3
961 1541 964 1545 ยน

145 1557 250 1627 sQuin
272 1560 363 1630 magis
387 1559 550 1616 accendunt-
574 1561 663 1616 etiam
687 1558 761 1635 (quis
786 1561 905 1616 credere
928 1560 1058 1634 possut),

218 1653 258 1708 Et
280 1653 377 1724 gelida
398 1652 526 1725 flagrans
551 1654 587 1710 de
610 1655 675 1710 nivo
699 1654 805 1710 crescit
828 1671 919 1710 amor.

176 1746 259 1803 Nunc
283 1748 389 1804 etenim
412 1748 510 1804 recolo
535 1764 655 1816 mecum,
680 1752 713 1803 ut
735 1764 800 1804 mea
823 1763 911 1818 saepo
933 1747 1029 1818 puella

219 1841 263 1898 De
286 1842 350 1898 nive
375 1842 534 1913 compactis
557 1842 661 1900 luserit
684 1848 751 1899 ante
774 1842 850 1913 pilis.

176 1935 242 2005 Nix,
266 1935 371 2005 fateor,
395 1937 504 2007 primos
528 1937 598 1994 mihi
623 1937 788 1993 coriciliavit
811 1953 939 1994 amores:

134 2047 161 2090 ro
218 2030 295 2087 Hinc
318 2032 420 2088 eadem
442 2030 573 2088 flammas
598 2037 685 2103 auget
708 2031 815 2103 alitque
838 2048 927 2089 meas.

473 2226 524 2284 Ad
547 2227 765 2284 Blandinam.

176 2337 329 2409 Experior,
354 2342 468 2395 veteres
492 2339 660 2397 cecinerunt
681 2337 756 2397 falsa
778 2343 898 2411 poetae:

219 2432 365 2490 Absentes
388 2434 473 2503 inter,
497 2433 546 2490 lux
568 2452 641 2503 inea,
667 2435 753 2491 durat
776 2451 867 2492 amor.

175 2527 268 2585 Verus
291 2545 373 2584 arnor
397 2528 482 2585 durat
505 2533 600 2586 terras
625 2530 810 2601 sequiturque
833 2545 886 2600 pcr
909 2545 1017 2596 omncs,

219 2622 282 2679 Nec
303 2623 384 2680 locus
408 2623 484 2679 hunc
506 2623 580 2680 ullus
604 2640 658 2680 nec
680 2623 763 2695 fugat
785 2624 844 2680 ulla
867 2623 938 2680 dies.

148 2717 319 2788 5Tempore
344 2716 468 2774 detinuit
490 2735 535 2774 me
560 2718 639 2774 divos
663 2717 784 2774 Etruria
806 2718 901 2789 longo,

221 2811 357 2868 Germani
380 2812 493 2867 interea
516 2817 548 2867 tu
572 2812 642 2868 eolis
667 2828 736 2867 arvo
760 2811 823 2868 soli.

177 2906 214 2963 Ei
238 2906 316 2973 mihi,
341 2922 394 2962 nos
417 2906 495 2961 inter
517 2910 588 2977 quot
611 2903 731 2962 flumina
753 2911 846 2974 vasta,
871 2910 941 2976 quot
964 2904 1061 2974 urbes

220 2999 298 3068 Quot
320 3000 409 3056 silvae
434 3003 463 3056 et.
485 3004 607 3068 montes
633 3016 718 3071 quam
741 3000 789 3057 via
810 2999 897 3072 longa
919 2998 1010 3056 iacet!

177 3094 227 3152 Mc
251 3102 347 3151 tamen
371 3112 440 3151 acer
462 3111 545 3151 arnor
567 3112 620 3165 per
642 3098 688 3151 tot
709 3094 775 3151 loca
798 3094 871 3151 dura
894 3099 1010 3151 secutus

136 3207 163 3248 ro
221 3188 286 3245 Vrit
309 3194 338 3246 et
360 3189 559 3246 immemorem
582 3206 639 3264 non
663 3188 732 3246 sinit
755 3205 820 3245 osse
843 3188 886 3245 tui

179 3282 365 3352 Quinetiam
388 3281 560 3360 (credasque
585 3281 682 3359 velim)
706 3299 761 3355 quo
785 3283 898 3354 longius
923 3283 1033 3350 absum,

222 3376 288 3434 Hoc
310 3378 402 3449 magis
426 3379 556 3435 ardescit
577 3376 695 3434 flamma
717 3377 867 3449 magisque
890 3375 969 3433 furit.

180 3470 217 3526 Di
241 3470 352 3528 faciant
374 3472 482 3529 similes
507 3478 594 3530 urant
617 3477 668 3529 tua
691 3476 813 3542 pectora
835 3470 978 3540 flammae,

226 3566 263 3622 Vt
286 3565 339 3623 tibi
363 3567 400 3622 sit
424 3583 539 3638 semper
561 3571 662 3623 mutua
685 3583 755 3623 rura
777 3566 843 3623 mei.
