<?xml version="1.0" encoding="UTF-8"?>
<!DOCTYPE html PUBLIC "-//W3C//DTD XHTML 1.0 Transitional//EN"
    "http://www.w3.org/TR/xhtml1/DTD/xhtml1-transitional.dtd">
<html xmlns="http://www.w3.org/1999/xhtml" xml:lang="en" lang="en">
 <head>
  <title>
</title>
<meta http-equiv="Content-Type" content="text/html;charset=utf-8" />
  <meta name='ocr-system' content='tesseract 3.04.00' />
  <meta name='ocr-capabilities' content='ocr_page ocr_carea ocr_par ocr_line ocrx_word'/>
</head>
<body>
  <div class='ocr_page' id='page_1' title='image "./deutschelyriker01elligoog_0057.png"; bbox 0 0 2476 4050; ppageno 0'>
   <div class='ocr_carea' id='block_1_1' title="bbox 454 199 810 246">
    <p class='ocr_par' dir='ltr' id='par_1_1' title="bbox 454 199 810 246">
     <span class='ocr_line' id='line_1_1' title="bbox 454 199 810 246; baseline -0.003 -1"><span class='ocrx_word' id='word_1_1' title='bbox 454 201 472 245; x_wconf 91' lang='lat'>1.</span> <span class='ocrx_word' id='word_1_2' title='bbox 496 200 651 246; x_wconf 84' lang='lat' dir='ltr'>GEORGIVS</span> <span class='ocrx_word' id='word_1_3' title='bbox 674 199 810 246; x_wconf 81' lang='lat' dir='ltr'>SABINVS.</span> 
     </span>
    </p>
   </div>
   <div class='ocr_carea' id='block_1_2' title="bbox 77 376 1058 2057">
    <p class='ocr_par' dir='ltr' id='par_1_2' title="bbox 77 376 1058 2057">
     <span class='ocr_line' id='line_1_2' title="bbox 232 376 889 448; baseline -0.003 -13"><span class='ocrx_word' id='word_1_4' title='bbox 232 377 277 435; x_wconf 84' lang='lat' dir='ltr'>Sit</span> <span class='ocrx_word' id='word_1_5' title='bbox 299 382 350 434; x_wconf 88' lang='lat' dir='ltr'>tua</span> <span class='ocrx_word' id='word_1_6' title='bbox 373 377 526 435; x_wconf 82' lang='lat' dir='ltr'><strong>candidior</strong></span> <span class='ocrx_word' id='word_1_7' title='bbox 549 394 671 448; x_wconf 87' lang='lat' dir='ltr'>corpore</span> <span class='ocrx_word' id='word_1_8' title='bbox 694 376 789 434; x_wconf 83' lang='lat' dir='ltr'>forma</span> <span class='ocrx_word' id='word_1_9' title='bbox 811 393 889 434; x_wconf 91' lang='lat' dir='ltr'>meo:</span> 
     </span>
     <span class='ocr_line' id='line_1_3' title="bbox 182 460 944 544; baseline -0.001 -15"><span class='ocrx_word' id='word_1_10' title='bbox 182 460 344 530; x_wconf 70' lang='lat' dir='ltr'>¹claudicat</span> <span class='ocrx_word' id='word_1_11' title='bbox 366 489 401 529; x_wconf 93' lang='lat' dir='ltr'>ac</span> <span class='ocrx_word' id='word_1_12' title='bbox 424 473 501 528; x_wconf 89' lang='lat' dir='ltr'>tristi</span> <span class='ocrx_word' id='word_1_13' title='bbox 523 471 643 544; x_wconf 84' lang='lat' dir='ltr'>fuligine</span> <span class='ocrx_word' id='word_1_14' title='bbox 668 472 813 529; x_wconf 83' lang='lat' dir='ltr'>Mulciber</span> <span class='ocrx_word' id='word_1_15' title='bbox 834 473 944 540; x_wconf 86' lang='lat' dir='ltr'>horret,</span> 
     </span>
     <span class='ocr_line' id='line_1_4' title="bbox 233 567 901 638; baseline 0 -15"><span class='ocrx_word' id='word_1_16' title='bbox 233 567 314 623; x_wconf 90' lang='lat' dir='ltr'>Illius</span> <span class='ocrx_word' id='word_1_17' title='bbox 336 568 400 638; x_wconf 84' lang='lat' dir='ltr'>ipsa</span> <span class='ocrx_word' id='word_1_18' title='bbox 422 572 519 625; x_wconf 89' lang='lat' dir='ltr'>tamen</span> <span class='ocrx_word' id='word_1_19' title='bbox 541 567 650 638; x_wconf 84' lang='lat' dir='ltr'>gaudet</span> <span class='ocrx_word' id='word_1_20' title='bbox 672 583 771 624; x_wconf 90' lang='lat' dir='ltr'>amore</span> <span class='ocrx_word' id='word_1_21' title='bbox 795 567 901 624; x_wconf 82' lang='lat' dir='ltr'>Venus,</span> 
     </span>
     <span class='ocr_line' id='line_1_5' title="bbox 192 660 971 734; baseline 0 -16"><span class='ocrx_word' id='word_1_22' title='bbox 192 661 232 718; x_wconf 89' lang='lat' dir='ltr'>At</span> <span class='ocrx_word' id='word_1_23' title='bbox 254 667 365 719; x_wconf 88' lang='lat' dir='ltr'>mutata</span> <span class='ocrx_word' id='word_1_24' title='bbox 387 662 502 734; x_wconf 83' lang='lat' dir='ltr'>nigrum</span> <span class='ocrx_word' id='word_1_25' title='bbox 525 661 609 719; x_wconf 85' lang='lat' dir='ltr'>duxit</span> <span class='ocrx_word' id='word_1_26' title='bbox 631 678 696 719; x_wconf 89' lang='lat' dir='ltr'>mea</span> <span class='ocrx_word' id='word_1_27' title='bbox 718 660 813 719; x_wconf 87' lang='lat' dir='ltr'>forma</span> <span class='ocrx_word' id='word_1_28' title='bbox 836 661 971 730; x_wconf 89' lang='lat' dir='ltr'>colorem,</span> 
     </span>
     <span class='ocr_line' id='line_1_6' title="bbox 149 756 911 828; baseline -0.001 -14"><span class='ocrx_word' id='word_1_29' title='bbox 149 772 178 814; x_wconf 85' lang='lat' dir='ltr'>oo</span> <span class='ocrx_word' id='word_1_30' title='bbox 235 756 322 814; x_wconf 86' lang='lat' dir='ltr'>Haud</span> <span class='ocrx_word' id='word_1_31' title='bbox 345 757 418 814; x_wconf 89' lang='lat' dir='ltr'>adeo</span> <span class='ocrx_word' id='word_1_32' title='bbox 442 773 535 828; x_wconf 87' lang='lat' dir='ltr'>nuper</span> <span class='ocrx_word' id='word_1_33' title='bbox 556 756 655 813; x_wconf 88' lang='lat' dir='ltr'>luscus</span> <span class='ocrx_word' id='word_1_34' title='bbox 679 761 709 813; x_wconf 91' lang='lat' dir='ltr'>et</span> <span class='ocrx_word' id='word_1_35' title='bbox 731 762 795 813; x_wconf 89' lang='lat' dir='ltr'>ater</span> <span class='ocrx_word' id='word_1_36' title='bbox 818 773 911 827; x_wconf 79' lang='lat' dir='ltr'>eram3</span> 
     </span>
     <span class='ocr_line' id='line_1_7' title="bbox 77 834 1058 924; baseline -0.001 -17"><span class='ocrx_word' id='word_1_37' title='bbox 77 834 84 841; x_wconf 50' lang='lat'><em>¹</em></span> <span class='ocrx_word' id='word_1_38' title='bbox 190 849 338 922; x_wconf 90' lang='lat' dir='ltr'>Lampade</span> <span class='ocrx_word' id='word_1_39' title='bbox 361 869 406 909; x_wconf 91' lang='lat' dir='ltr'>me</span> <span class='ocrx_word' id='word_1_40' title='bbox 430 851 575 919; x_wconf 88' lang='lat' dir='ltr'>Phoebus,</span> <span class='ocrx_word' id='word_1_41' title='bbox 600 867 645 907; x_wconf 89' lang='lat' dir='ltr'>me</span> <span class='ocrx_word' id='word_1_42' title='bbox 668 850 777 924; x_wconf 83' lang='lat' dir='ltr'>frigore</span> <span class='ocrx_word' id='word_1_43' title='bbox 803 848 914 907; x_wconf 83' lang='lat' dir='ltr'>(laurus</span> <span class='ocrx_word' id='word_1_44' title='bbox 938 851 1058 918; x_wconf 82' lang='lat' dir='ltr'>adussit,</span> 
     </span>
     <span class='ocr_line' id='line_1_8' title="bbox 233 945 942 1004; baseline -0.003 -2"><span class='ocrx_word' id='word_1_45' title='bbox 233 945 311 1003; x_wconf 87' lang='lat' dir='ltr'>Acer</span> <span class='ocrx_word' id='word_1_46' title='bbox 333 946 445 1003; x_wconf 80' lang='lat' dir='ltr'>adhaec</span> <span class='ocrx_word' id='word_1_47' title='bbox 468 962 557 1003; x_wconf 87' lang='lat' dir='ltr'>saeva</span> <span class='ocrx_word' id='word_1_48' title='bbox 579 962 625 1002; x_wconf 93' lang='lat' dir='ltr'>me</span> <span class='ocrx_word' id='word_1_49' title='bbox 647 945 712 1004; x_wconf 88' lang='lat' dir='ltr'>face</span> <span class='ocrx_word' id='word_1_50' title='bbox 736 951 830 1003; x_wconf 86' lang='lat' dir='ltr'>torret</span> <span class='ocrx_word' id='word_1_51' title='bbox 852 962 942 1002; x_wconf 73' lang='lat' dir='ltr'>antor.</span> 
     </span>
     <span class='ocr_line' id='line_1_9' title="bbox 190 1039 1015 1112; baseline -0.002 -15"><span class='ocrx_word' id='word_1_52' title='bbox 190 1040 315 1097; x_wconf 88' lang='lat' dir='ltr'>Dotibus</span> <span class='ocrx_word' id='word_1_53' title='bbox 338 1041 400 1112; x_wconf 89' lang='lat' dir='ltr'>ipse</span> <span class='ocrx_word' id='word_1_54' title='bbox 424 1046 522 1098; x_wconf 90' lang='lat' dir='ltr'>tamen</span> <span class='ocrx_word' id='word_1_55' title='bbox 543 1041 655 1112; x_wconf 88' lang='lat' dir='ltr'>magnis</span> <span class='ocrx_word' id='word_1_56' title='bbox 679 1041 751 1098; x_wconf 90' lang='lat' dir='ltr'>haec</span> <span class='ocrx_word' id='word_1_57' title='bbox 773 1057 864 1112; x_wconf 90' lang='lat' dir='ltr'>parva</span> <span class='ocrx_word' id='word_1_58' title='bbox 886 1039 1015 1110; x_wconf 90' lang='lat' dir='ltr'>rependo</span> 
     </span>
     <span class='ocr_line' id='line_1_10' title="bbox 231 1135 891 1207; baseline -0.002 -15"><span class='ocrx_word' id='word_1_59' title='bbox 231 1136 354 1205; x_wconf 89' lang='lat' dir='ltr'>Damna,</span> <span class='ocrx_word' id='word_1_60' title='bbox 379 1135 539 1192; x_wconf 87' lang='lat' dir='ltr'>Meduseae</span> <span class='ocrx_word' id='word_1_61' title='bbox 562 1135 656 1207; x_wconf 81' lang='lat' dir='ltr'>gloria</span> <span class='ocrx_word' id='word_1_62' title='bbox 679 1135 762 1192; x_wconf 91' lang='lat' dir='ltr'>dicor</span> <span class='ocrx_word' id='word_1_63' title='bbox 785 1151 891 1206; x_wconf 81' lang='lat' dir='ltr'>aquae3</span> 
     </span>
     <span class='ocr_line' id='line_1_11' title="bbox 147 1229 914 1297; baseline -0.007 -7"><span class='ocrx_word' id='word_1_64' title='bbox 147 1249 175 1290; x_wconf 87' lang='lat'>65</span> <span class='ocrx_word' id='word_1_65' title='bbox 191 1229 264 1287; x_wconf 84' lang='lat' dir='ltr'>Sunt</span> <span class='ocrx_word' id='word_1_66' title='bbox 287 1231 358 1287; x_wconf 84' lang='lat' dir='ltr'>milri</span> <span class='ocrx_word' id='word_1_67' title='bbox 380 1230 529 1287; x_wconf 91' lang='lat' dir='ltr'>Pieridum</span> <span class='ocrx_word' id='word_1_68' title='bbox 551 1229 649 1287; x_wconf 89' lang='lat' dir='ltr'>felicia</span> <span class='ocrx_word' id='word_1_69' title='bbox 673 1229 750 1287; x_wconf 90' lang='lat' dir='ltr'>dona</span> <span class='ocrx_word' id='word_1_70' title='bbox 773 1246 914 1297; x_wconf 90' lang='lat' dir='ltr'>sororum,</span> 
     </span>
     <span class='ocr_line' id='line_1_12' title="bbox 233 1323 830 1397; baseline -0.005 -15"><span class='ocrx_word' id='word_1_71' title='bbox 233 1326 314 1382; x_wconf 89' lang='lat' dir='ltr'>onr</span> <span class='ocrx_word' id='word_1_72' title='bbox 336 1343 366 1382; x_wconf 87' lang='lat' dir='ltr'>cs</span> <span class='ocrx_word' id='word_1_73' title='bbox 390 1326 506 1397; x_wconf 82' lang='lat' dir='ltr'>ingenio</span> <span class='ocrx_word' id='word_1_74' title='bbox 530 1324 609 1381; x_wconf 87' lang='lat' dir='ltr'>clara</span> <span class='ocrx_word' id='word_1_75' title='bbox 630 1323 729 1381; x_wconf 86' lang='lat' dir='ltr'>futura</span> <span class='ocrx_word' id='word_1_76' title='bbox 751 1341 830 1381; x_wconf 91' lang='lat' dir='ltr'>meo:</span> 
     </span>
     <span class='ocr_line' id='line_1_13' title="bbox 190 1418 901 1486; baseline -0.003 -10"><span class='ocrx_word' id='word_1_77' title='bbox 190 1419 315 1477; x_wconf 88' lang='lat' dir='ltr'>Inferius</span> <span class='ocrx_word' id='word_1_78' title='bbox 340 1418 401 1477; x_wconf 83' lang='lat' dir='ltr'>Coa</span> <span class='ocrx_word' id='word_1_79' title='bbox 423 1437 477 1476; x_wconf 91' lang='lat' dir='ltr'>nec</span> <span class='ocrx_word' id='word_1_80' title='bbox 498 1419 618 1476; x_wconf 91' lang='lat' dir='ltr'>Battide</span> <span class='ocrx_word' id='word_1_81' title='bbox 641 1435 747 1475; x_wconf 92' lang='lat' dir='ltr'>nomen</span> <span class='ocrx_word' id='word_1_82' title='bbox 769 1418 901 1486; x_wconf 88' lang='lat' dir='ltr'>habebis,</span> 
     </span>
     <span class='ocr_line' id='line_1_14' title="bbox 232 1511 879 1586; baseline -0.002 -16"><span class='ocrx_word' id='word_1_83' title='bbox 232 1514 263 1570; x_wconf 82' lang='lat' dir='ltr'>Si</span> <span class='ocrx_word' id='word_1_84' title='bbox 287 1515 406 1586; x_wconf 75' lang='lat' dir='ltr'>dignata</span> <span class='ocrx_word' id='word_1_85' title='bbox 429 1520 479 1571; x_wconf 93' lang='lat' dir='ltr'>tuo</span> <span class='ocrx_word' id='word_1_86' title='bbox 502 1531 556 1571; x_wconf 91' lang='lat' dir='ltr'>nos</span> <span class='ocrx_word' id='word_1_87' title='bbox 581 1514 647 1582; x_wconf 87' lang='lat' dir='ltr'>eris,</span> <span class='ocrx_word' id='word_1_88' title='bbox 674 1515 768 1581; x_wconf 88' lang='lat' dir='ltr'>Anna,</span> <span class='ocrx_word' id='word_1_89' title='bbox 793 1511 879 1570; x_wconf 82' lang='lat' dir='ltr'>torn&#39;</span> 
     </span>
     <span class='ocr_line' id='line_1_15' title="bbox 190 1607 1021 1680; baseline -0.002 -16"><span class='ocrx_word' id='word_1_90' title='bbox 190 1608 238 1665; x_wconf 84' lang='lat' dir='ltr'>Sic</span> <span class='ocrx_word' id='word_1_91' title='bbox 261 1626 324 1680; x_wconf 84' lang='lat' dir='ltr'>ego,</span> <span class='ocrx_word' id='word_1_92' title='bbox 348 1610 429 1679; x_wconf 78' lang='lat' dir='ltr'>virgo</span> <span class='ocrx_word' id='word_1_93' title='bbox 453 1625 533 1665; x_wconf 89' lang='lat' dir='ltr'>meos</span> <span class='ocrx_word' id='word_1_94' title='bbox 557 1612 711 1679; x_wconf 84' lang='lat' dir='ltr'>postquam</span> <span class='ocrx_word' id='word_1_95' title='bbox 734 1607 870 1678; x_wconf 82' lang='lat' dir='ltr'>cognouit</span> <span class='ocrx_word' id='word_1_96' title='bbox 892 1624 1021 1664; x_wconf 86' lang='lat' dir='ltr'>amores:</span> 
     </span>
     <span class='ocr_line' id='line_1_16' title="bbox 146 1700 882 1762; baseline -0.008 0"><span class='ocrx_word' id='word_1_97' title='bbox 146 1721 175 1762; x_wconf 77' lang='lat' dir='ltr'>ro</span> <span class='ocrx_word' id='word_1_98' title='bbox 235 1703 287 1758; x_wconf 78' lang='lat' dir='ltr'>‘Tu</span> <span class='ocrx_word' id='word_1_99' title='bbox 309 1701 399 1759; x_wconf 81' lang='lat' dir='ltr'>meus‘</span> <span class='ocrx_word' id='word_1_100' title='bbox 424 1701 521 1758; x_wconf 91' lang='lat' dir='ltr'>aicbat</span> <span class='ocrx_word' id='word_1_101' title='bbox 546 1705 670 1758; x_wconf 89' lang='lat' dir='ltr'>‘mutuus</span> <span class='ocrx_word' id='word_1_102' title='bbox 693 1700 783 1758; x_wconf 88' lang='lat' dir='ltr'>ardor</span> <span class='ocrx_word' id='word_1_103' title='bbox 805 1700 882 1758; x_wconf 82' lang='lat' dir='ltr'>eris&#39;</span> 
     </span>
     <span class='ocr_line' id='line_1_17' title="bbox 191 1795 923 1867; baseline -0.003 -13"><span class='ocrx_word' id='word_1_104' title='bbox 191 1796 241 1854; x_wconf 88' lang='lat' dir='ltr'>Sol</span> <span class='ocrx_word' id='word_1_105' title='bbox 262 1797 313 1854; x_wconf 94' lang='lat' dir='ltr'>ubi</span> <span class='ocrx_word' id='word_1_106' title='bbox 335 1798 393 1853; x_wconf 92' lang='lat' dir='ltr'>iam</span> <span class='ocrx_word' id='word_1_107' title='bbox 415 1813 483 1853; x_wconf 85' lang='lat' dir='ltr'>vero</span> <span class='ocrx_word' id='word_1_108' title='bbox 507 1795 668 1867; x_wconf 85' lang='lat' dir='ltr'>Nepheleia</span> <span class='ocrx_word' id='word_1_109' title='bbox 692 1796 774 1867; x_wconf 83' lang='lat' dir='ltr'>signa</span> <span class='ocrx_word' id='word_1_110' title='bbox 796 1795 923 1865; x_wconf 81' lang='lat' dir='ltr'>tenebat,</span> 
     </span>
     <span class='ocr_line' id='line_1_18' title="bbox 234 1890 915 1962; baseline -0.006 -12"><span class='ocrx_word' id='word_1_111' title='bbox 234 1891 349 1950; x_wconf 84' lang='lat' dir='ltr'>Certam</span> <span class='ocrx_word' id='word_1_112' title='bbox 374 1891 500 1962; x_wconf 81' lang='lat' dir='ltr'>coniugii</span> <span class='ocrx_word' id='word_1_113' title='bbox 523 1907 603 1962; x_wconf 91' lang='lat' dir='ltr'>spem</span> <span class='ocrx_word' id='word_1_114' title='bbox 625 1890 696 1947; x_wconf 90' lang='lat' dir='ltr'>mihi</span> <span class='ocrx_word' id='word_1_115' title='bbox 716 1894 807 1962; x_wconf 91' lang='lat' dir='ltr'>nupta</span> <span class='ocrx_word' id='word_1_116' title='bbox 827 1890 915 1948; x_wconf 86' lang='lat' dir='ltr'>dedit.</span> 
     </span>
     <span class='ocr_line' id='line_1_19' title="bbox 189 1984 974 2057; baseline 0 -13"><span class='ocrx_word' id='word_1_117' title='bbox 189 1987 362 2044; x_wconf 84' lang='lat' dir='ltr'>Astrinxere</span> <span class='ocrx_word' id='word_1_118' title='bbox 385 1985 473 2043; x_wconf 89' lang='lat' dir='ltr'>fidem</span> <span class='ocrx_word' id='word_1_119' title='bbox 495 1984 581 2042; x_wconf 91' lang='lat' dir='ltr'>nobis</span> <span class='ocrx_word' id='word_1_120' title='bbox 606 1985 675 2042; x_wconf 89' lang='lat' dir='ltr'>data</span> <span class='ocrx_word' id='word_1_121' title='bbox 697 1985 821 2057; x_wconf 81' lang='lat' dir='ltr'>pignora</span> <span class='ocrx_word' id='word_1_122' title='bbox 843 1986 974 2054; x_wconf 85' lang='lat' dir='ltr'>dextrae,</span> 
     </span>
    </p>
   </div>
   <div class='ocr_carea' id='block_1_3' title="bbox 148 2079 1025 2337">
    <p class='ocr_par' dir='ltr' id='par_1_3' title="bbox 148 2079 1025 2337">
     <span class='ocr_line' id='line_1_20' title="bbox 234 2079 869 2153; baseline -0.003 -15"><span class='ocrx_word' id='word_1_123' title='bbox 234 2081 381 2153; x_wconf 80' lang='lat' dir='ltr'>Factaque</span> <span class='ocrx_word' id='word_1_124' title='bbox 404 2081 537 2138; x_wconf 88' lang='lat' dir='ltr'>sollemni</span> <span class='ocrx_word' id='word_1_125' title='bbox 560 2081 678 2152; x_wconf 91' lang='lat' dir='ltr'>sponsio</span> <span class='ocrx_word' id='word_1_126' title='bbox 701 2097 782 2137; x_wconf 89' lang='lat' dir='ltr'>more</span> <span class='ocrx_word' id='word_1_127' title='bbox 805 2079 869 2137; x_wconf 86' lang='lat' dir='ltr'>fnit.</span> 
     </span>
     <span class='ocr_line' id='line_1_21' title="bbox 148 2173 1025 2247; baseline -0.005 -13"><span class='ocrx_word' id='word_1_128' title='bbox 148 2193 176 2234; x_wconf 80' lang='lat'>75</span> <span class='ocrx_word' id='word_1_129' title='bbox 192 2173 326 2233; x_wconf 84' lang='lat' dir='ltr'>Scribere</span> <span class='ocrx_word' id='word_1_130' title='bbox 350 2175 433 2247; x_wconf 91' lang='lat' dir='ltr'>plura</span> <span class='ocrx_word' id='word_1_131' title='bbox 455 2174 536 2244; x_wconf 89' lang='lat' dir='ltr'>libet,</span> <span class='ocrx_word' id='word_1_132' title='bbox 561 2174 614 2231; x_wconf 89' lang='lat' dir='ltr'>sed</span> <span class='ocrx_word' id='word_1_133' title='bbox 638 2174 748 2243; x_wconf 82' lang='lat' dir='ltr'>desino,</span> <span class='ocrx_word' id='word_1_134' title='bbox 773 2192 808 2232; x_wconf 91' lang='lat' dir='ltr'>ne</span> <span class='ocrx_word' id='word_1_135' title='bbox 832 2192 888 2246; x_wconf 83' lang='lat' dir='ltr'>qua</span> <span class='ocrx_word' id='word_1_136' title='bbox 910 2174 1025 2246; x_wconf 81' lang='lat' dir='ltr'>legendi</span> 
     </span>
     <span class='ocr_line' id='line_1_22' title="bbox 234 2268 922 2337; baseline -0.004 -10"><span class='ocrx_word' id='word_1_137' title='bbox 234 2269 388 2327; x_wconf 88' lang='lat' dir='ltr'>Offendant</span> <span class='ocrx_word' id='word_1_138' title='bbox 410 2270 537 2326; x_wconf 91' lang='lat' dir='ltr'>animum</span> <span class='ocrx_word' id='word_1_139' title='bbox 559 2268 666 2335; x_wconf 88' lang='lat' dir='ltr'>taedia,</span> <span class='ocrx_word' id='word_1_140' title='bbox 690 2269 809 2337; x_wconf 86' lang='lat' dir='ltr'>Bembo,</span> <span class='ocrx_word' id='word_1_141' title='bbox 833 2275 922 2325; x_wconf 92' lang='lat' dir='ltr'>tuum.</span> 
     </span>
    </p>
   </div>
   <div class='ocr_carea' id='block_1_4' title="bbox 399 2440 860 2512">
    <p class='ocr_par' dir='ltr' id='par_1_4' title="bbox 399 2440 860 2512">
     <span class='ocr_line' id='line_1_23' title="bbox 399 2440 860 2512; baseline -0.002 -15"><span class='ocrx_word' id='word_1_142' title='bbox 399 2440 527 2512; x_wconf 86' lang='lat' dir='ltr'>Elegia</span> <span class='ocrx_word' id='word_1_143' title='bbox 555 2441 598 2498; x_wconf 93' lang='lat' dir='ltr'>ad</span> <span class='ocrx_word' id='word_1_144' title='bbox 627 2440 860 2498; x_wconf 87' lang='lat' dir='ltr'>Germaniam.</span> 
     </span>
    </p>
   </div>
   <div class='ocr_carea' id='block_1_5' title="bbox 145 2551 1033 3663">
    <p class='ocr_par' dir='ltr' id='par_1_5' title="bbox 145 2551 1033 3663">
     <span class='ocr_line' id='line_1_24' title="bbox 189 2551 881 2620; baseline -0.003 -11"><span class='ocrx_word' id='word_1_145' title='bbox 189 2551 251 2620; x_wconf 79' lang='lat' dir='ltr'>Quo</span> <span class='ocrx_word' id='word_1_146' title='bbox 275 2556 325 2609; x_wconf 91' lang='lat' dir='ltr'>tua</span> <span class='ocrx_word' id='word_1_147' title='bbox 347 2552 481 2609; x_wconf 83' lang='lat' dir='ltr'>bellatrix</span> <span class='ocrx_word' id='word_1_148' title='bbox 504 2551 577 2608; x_wconf 90' lang='lat' dir='ltr'>abiit</span> <span class='ocrx_word' id='word_1_149' title='bbox 601 2551 758 2609; x_wconf 86' lang='lat' dir='ltr'>Germania</span> <span class='ocrx_word' id='word_1_150' title='bbox 780 2552 881 2618; x_wconf 85' lang='lat' dir='ltr'>virtus,</span> 
     </span>
     <span class='ocr_line' id='line_1_25' title="bbox 231 2643 852 2717; baseline -0.003 -14"><span class='ocrx_word' id='word_1_151' title='bbox 231 2645 387 2703; x_wconf 87' lang='lat' dir='ltr'>Dissimilis</span> <span class='ocrx_word' id='word_1_152' title='bbox 410 2651 511 2703; x_wconf 87' lang='lat' dir='ltr'>nostro</span> <span class='ocrx_word' id='word_1_153' title='bbox 536 2651 666 2717; x_wconf 89' lang='lat' dir='ltr'>tempore</span> <span class='ocrx_word' id='word_1_154' title='bbox 689 2645 768 2702; x_wconf 86' lang='lat' dir='ltr'>lacta</span> <span class='ocrx_word' id='word_1_155' title='bbox 790 2643 852 2702; x_wconf 80' lang='lat' dir='ltr'>tui?</span> 
     </span>
     <span class='ocr_line' id='line_1_26' title="bbox 188 2727 884 2811; baseline 0 -15"><span class='ocrx_word' id='word_1_156' title='bbox 188 2727 347 2798; x_wconf 87' lang='lat' dir='ltr'>Vindelicis</span> <span class='ocrx_word' id='word_1_157' title='bbox 372 2741 440 2798; x_wconf 90' lang='lat' dir='ltr'>olim</span> <span class='ocrx_word' id='word_1_158' title='bbox 462 2740 601 2811; x_wconf 89' lang='lat' dir='ltr'>pepulisti</span> <span class='ocrx_word' id='word_1_159' title='bbox 624 2739 730 2796; x_wconf 89' lang='lat' dir='ltr'>finibus</span> <span class='ocrx_word' id='word_1_160' title='bbox 753 2740 884 2808; x_wconf 76' lang='lat' dir='ltr'>Hunnos</span> 
     </span>
     <span class='ocr_line' id='line_1_27' title="bbox 230 2834 903 2907; baseline -0.001 -16"><span class='ocrx_word' id='word_1_161' title='bbox 230 2836 387 2907; x_wconf 90' lang='lat' dir='ltr'>Imperium</span> <span class='ocrx_word' id='word_1_162' title='bbox 410 2852 514 2906; x_wconf 82' lang='lat' dir='ltr'>magno</span> <span class='ocrx_word' id='word_1_163' title='bbox 539 2852 603 2891; x_wconf 89' lang='lat' dir='ltr'>cum</span> <span class='ocrx_word' id='word_1_164' title='bbox 627 2834 679 2891; x_wconf 88' lang='lat' dir='ltr'>sub</span> <span class='ocrx_word' id='word_1_165' title='bbox 705 2836 811 2892; x_wconf 83' lang='lat' dir='ltr'>Ottonc</span> <span class='ocrx_word' id='word_1_166' title='bbox 835 2835 903 2905; x_wconf 75' lang='lat' dir='ltr'>luit3</span> 
     </span>
     <span class='ocr_line' id='line_1_28' title="bbox 159 2928 884 3001; baseline -0.003 -14"><span class='ocrx_word' id='word_1_167' title='bbox 159 2928 237 2989; x_wconf 69' lang='lat' dir='ltr'>sno</span> <span class='ocrx_word' id='word_1_168' title='bbox 260 2929 392 3001; x_wconf 84' lang='lat' dir='ltr'>Solymas</span> <span class='ocrx_word' id='word_1_169' title='bbox 416 2945 498 2986; x_wconf 90' lang='lat' dir='ltr'>arces</span> <span class='ocrx_word' id='word_1_170' title='bbox 522 2929 655 2986; x_wconf 88' lang='lat' dir='ltr'>victricia</span> <span class='ocrx_word' id='word_1_171' title='bbox 678 2929 761 3000; x_wconf 78' lang='lat' dir='ltr'>signa</span> <span class='ocrx_word' id='word_1_172' title='bbox 784 2930 884 2997; x_wconf 85' lang='lat' dir='ltr'>tulisti,</span> 
     </span>
     <span class='ocr_line' id='line_1_29' title="bbox 233 3022 914 3096; baseline 0.003 -16"><span class='ocrx_word' id='word_1_173' title='bbox 233 3022 401 3096; x_wconf 84' lang='lat' dir='ltr'>Sceptriger</span> <span class='ocrx_word' id='word_1_174' title='bbox 422 3023 538 3095; x_wconf 91' lang='lat' dir='ltr'>imperii</span> <span class='ocrx_word' id='word_1_175' title='bbox 562 3041 626 3080; x_wconf 91' lang='lat' dir='ltr'>curn</span> <span class='ocrx_word' id='word_1_176' title='bbox 649 3024 818 3080; x_wconf 88' lang='lat' dir='ltr'>Fridericus</span> <span class='ocrx_word' id='word_1_177' title='bbox 842 3029 914 3083; x_wconf 89' lang='lat' dir='ltr'>orat.</span> 
     </span>
     <span class='ocr_line' id='line_1_30' title="bbox 188 3117 986 3190; baseline 0.001 -16"><span class='ocrx_word' id='word_1_178' title='bbox 188 3118 272 3175; x_wconf 88' lang='lat' dir='ltr'>Nunc</span> <span class='ocrx_word' id='word_1_179' title='bbox 294 3119 396 3189; x_wconf 91' lang='lat' dir='ltr'>procul</span> <span class='ocrx_word' id='word_1_180' title='bbox 419 3135 436 3176; x_wconf 92' lang='lat' dir='ltr'>a</span> <span class='ocrx_word' id='word_1_181' title='bbox 459 3117 550 3175; x_wconf 89' lang='lat' dir='ltr'>Tanai</span> <span class='ocrx_word' id='word_1_182' title='bbox 574 3118 713 3176; x_wconf 89' lang='lat' dir='ltr'>ducentes</span> <span class='ocrx_word' id='word_1_183' title='bbox 737 3119 853 3190; x_wconf 77' lang='lat' dir='ltr'>agmina</span> <span class='ocrx_word' id='word_1_184' title='bbox 875 3119 986 3176; x_wconf 87' lang='lat' dir='ltr'>Turcae</span> 
     </span>
     <span class='ocr_line' id='line_1_31' title="bbox 230 3211 817 3285; baseline 0.002 -17"><span class='ocrx_word' id='word_1_185' title='bbox 230 3211 358 3270; x_wconf 91' lang='lat' dir='ltr'>Danubii</span> <span class='ocrx_word' id='word_1_186' title='bbox 380 3212 459 3271; x_wconf 82' lang='lat' dir='ltr'>ferro</span> <span class='ocrx_word' id='word_1_187' title='bbox 484 3212 699 3284; x_wconf 89' lang='lat' dir='ltr'>depopulantur</span> <span class='ocrx_word' id='word_1_188' title='bbox 722 3230 817 3285; x_wconf 77' lang='lat' dir='ltr'>agros,</span> 
     </span>
     <span class='ocr_line' id='line_1_32' title="bbox 187 3305 914 3378; baseline 0.001 -16"><span class='ocrx_word' id='word_1_189' title='bbox 187 3305 221 3362; x_wconf 94' lang='lat' dir='ltr'>In</span> <span class='ocrx_word' id='word_1_190' title='bbox 243 3311 294 3364; x_wconf 92' lang='lat' dir='ltr'>tua</span> <span class='ocrx_word' id='word_1_191' title='bbox 316 3312 468 3378; x_wconf 83' lang='lat' dir='ltr'>grassatur</span> <span class='ocrx_word' id='word_1_192' title='bbox 490 3312 635 3364; x_wconf 86' lang='lat' dir='ltr'>terrarum</span> <span class='ocrx_word' id='word_1_193' title='bbox 658 3308 771 3364; x_wconf 86' lang='lat' dir='ltr'>viscera</span> <span class='ocrx_word' id='word_1_194' title='bbox 794 3308 914 3378; x_wconf 82' lang='lat' dir='ltr'>praedo,</span> 
     </span>
     <span class='ocr_line' id='line_1_33' title="bbox 145 3401 881 3460; baseline -0.001 -1"><span class='ocrx_word' id='word_1_195' title='bbox 145 3416 174 3460; x_wconf 93' lang='lat'>10</span> <span class='ocrx_word' id='word_1_196' title='bbox 230 3401 312 3458; x_wconf 86' lang='lat' dir='ltr'>Ausa</span> <span class='ocrx_word' id='word_1_197' title='bbox 333 3418 388 3458; x_wconf 92' lang='lat' dir='ltr'>nec</span> <span class='ocrx_word' id='word_1_198' title='bbox 410 3402 532 3459; x_wconf 86' lang='lat' dir='ltr'>hostiles</span> <span class='ocrx_word' id='word_1_199' title='bbox 556 3419 586 3458; x_wconf 90' lang='lat' dir='ltr'>es</span> <span class='ocrx_word' id='word_1_200' title='bbox 611 3401 748 3459; x_wconf 86' lang='lat' dir='ltr'>cohibere</span> <span class='ocrx_word' id='word_1_201' title='bbox 771 3419 881 3458; x_wconf 78' lang='lat' dir='ltr'>manus</span> 
     </span>
     <span class='ocr_line' id='line_1_34' title="bbox 188 3493 1033 3567; baseline -0.004 -15"><span class='ocrx_word' id='word_1_202' title='bbox 188 3493 230 3552; x_wconf 86' lang='lat' dir='ltr'>Tc</span> <span class='ocrx_word' id='word_1_203' title='bbox 252 3494 356 3567; x_wconf 87' lang='lat' dir='ltr'>quibus</span> <span class='ocrx_word' id='word_1_204' title='bbox 380 3500 520 3565; x_wconf 68' lang='lat' dir='ltr'>ostentas</span> <span class='ocrx_word' id='word_1_205' title='bbox 545 3513 621 3552; x_wconf 92' lang='lat' dir='ltr'>nunc</span> <span class='ocrx_word' id='word_1_206' title='bbox 644 3501 727 3553; x_wconf 87' lang='lat' dir='ltr'>utere</span> <span class='ocrx_word' id='word_1_207' title='bbox 750 3495 909 3567; x_wconf 79' lang='lat' dir='ltr'>grandibus</span> <span class='ocrx_word' id='word_1_208' title='bbox 933 3497 1033 3564; x_wconf 75' lang='lat' dir='ltr'>hastis,</span> 
     </span>
     <span class='ocr_line' id='line_1_35' title="bbox 230 3587 899 3663; baseline -0.001 -16"><span class='ocrx_word' id='word_1_209' title='bbox 230 3587 272 3647; x_wconf 79' lang='lat' dir='ltr'>st</span> <span class='ocrx_word' id='word_1_210' title='bbox 292 3589 397 3663; x_wconf 81' lang='lat' dir='ltr'>quibus</span> <span class='ocrx_word' id='word_1_211' title='bbox 419 3590 449 3646; x_wconf 92' lang='lat' dir='ltr'>in</span> <span class='ocrx_word' id='word_1_212' title='bbox 472 3591 550 3648; x_wconf 90' lang='lat' dir='ltr'>circo</span> <span class='ocrx_word' id='word_1_213' title='bbox 572 3590 687 3647; x_wconf 90' lang='lat' dir='ltr'>ludicra</span> <span class='ocrx_word' id='word_1_214' title='bbox 709 3590 786 3648; x_wconf 90' lang='lat' dir='ltr'>bella</span> <span class='ocrx_word' id='word_1_215' title='bbox 808 3590 899 3662; x_wconf 82' lang='lat' dir='ltr'>geris!</span> 
     </span>
    </p>
   </div>
   <div class='ocr_carea' id='block_1_6' title="bbox 0 0 1242 4050">
    <p class='ocr_par' dir='ltr' id='par_1_6' title="bbox 0 0 1242 4050">
     <span class='ocr_line' id='line_1_36' title="bbox 0 0 1242 4050; baseline 0 2"><span class='ocrx_word' id='word_1_216' title='bbox 0 0 1242 4050; x_wconf 95' lang='lat' dir='ltr'> </span> 
     </span>
    </p>
   </div>
  </div>
 </body>
</html>
