2476 4050
144 216 203 273 108
389 226 447 270 ux.
476 206 629 271 moonivs'
650 224 848 271 anoomoms

392 500 587 559 xlconavs
610 497 864 558 RHODINGIVS.

193 657 245 714 Ad
269 655 432 713 Carolum
456 653 645 712 Caesarem
668 652 826 726 epistola
848 651 1060 709 monitoria.

183 784 296 853 Carolc,
322 785 483 843 Germanos
507 801 559 841 cur
581 784 678 841 Marte
700 783 845 840 lacessere
868 777 987 838 tentas?
1058 816 1061 821 -

225 878 284 935 Cur
305 879 381 951 petis
404 878 505 936 hostili
527 879 661 936 Teutone
683 894 773 950 regna
794 873 903 933 manu?

179 973 246 1031 Non
268 974 324 1031 hoc
346 974 452 1030 iurasti
475 973 637 1042 Germania,
662 971 776 1041 Garole,
801 971 917 1044 quando

226 1068 345 1140 Imperii
368 1068 422 1124 tibi
444 1073 510 1125 sunt
534 1068 644 1125 tradita
667 1072 784 1138 sceptra
806 1066 891 1134 sacri,

153 1163 249 1220 olion
271 1163 328 1221 hoc
350 1163 497 1235 pollicitus
522 1162 683 1232 Germania,
705 1162 829 1219 maxime
853 1159 972 1227 Gaesar,

224 1257 279 1327 Qui
302 1264 420 1316 sanctae
443 1258 524 1329 pacis
547 1256 669 1315 foedera
691 1257 785 1314 amica
808 1255 914 1313 colunt.

182 1352 326 1410 Firmatas
350 1353 441 1411 audes
463 1354 544 1424 pacis
568 1352 727 1410 dissolvere
749 1348 853 1424 leges?

225 1446 284 1503 Gur
306 1454 357 1505 tua
379 1453 438 1505 tam
461 1465 566 1520 magno
590 1448 711 1505 crimine
733 1447 816 1520 lapsa
838 1441 931 1503 fides?

180 1540 285 1610 Sicine,
312 1541 430 1612 Caesar,
454 1540 544 1615 ages?
578 1542 626 1600 En
647 1543 721 1601 haec
742 1541 888 1614 promissa
909 1538 984 1596 fides
1009 1534 1077 1596 est?

138 1654 165 1695 10
223 1637 299 1694 Nam
322 1644 373 1695 tua
395 1656 470 1695 nunc
493 1638 640 1711 querimur
661 1637 751 1694 rerba
774 1651 875 1693 carere
897 1632 965 1691 fide.

180 1732 263 1790 Nunc
287 1750 318 1790 se
342 1733 496 1805 deceptam
519 1733 650 1804 queritur
672 1731 829 1789 Germania
852 1745 928 1797 sero,

223 1827 303 1896 Quae
326 1828 384 1906 iam
406 1832 493 1898 pacta
516 1828 566 1885 diu
588 1825 710 1884 foedera
731 1826 812 1882 laesa
835 1824 925 1882 dolet.

180 1921 317 1993 Nunquid
340 1921 382 1977 sic
405 1922 510 1977 merita
533 1924 579 1977 est
601 1920 637 1977 de
661 1924 689 1976 te
713 1918 871 1976 Germania
893 1914 1016 1976 nostra?

222 2015 336 2073 Damno
360 2019 389 2072 te
411 2015 508 2086 potuit
531 2015 709 2072 demeruisse
733 2010 807 2071 suo?

138 2110 256 2169 15Na1u
277 2111 357 2182 prius
381 2111 498 2168 intuta
521 2110 681 2168 Germanos
704 2126 776 2182 pace
799 2106 933 2180 regebas,

223 2205 346 2263 Sedulus
370 2222 405 2262 ac
427 2206 522 2263 laetae
545 2206 627 2276 pacis
650 2211 764 2262 amator
786 2219 863 2261 eras.

180 2298 238 2355 Gur
260 2317 335 2356 nunc
357 2299 434 2357 bella
458 2301 516 2356 cies
539 2301 618 2357 nulla
639 2301 754 2357 ratione
778 2303 897 2356 coactus

221 2393 260 2450 Et
283 2410 336 2450 nos
359 2394 462 2450 immiti
485 2394 609 2464 perdere
634 2394 715 2450 clade
740 2389 841 2465 cupis?

180 2487 238 2545 Cur
260 2488 336 2559 petis
360 2486 533 2544 Hessiaoum
555 2504 613 2545 non
635 2488 713 2544 iusto
736 2487 833 2546 Marte
855 2487 970 2544 leonem

134 2602 163 2644 ao
220 2582 265 2640 De
287 2588 317 2640 tc
340 2599 398 2640 non
420 2582 555 2639 meritum
578 2582 780 2654 Saxoniaeque
803 2578 926 2640 ducem?

178 2678 240 2736 Hos
262 2685 314 2735 tua
336 2679 474 2736 maiestas
497 2683 625 2748 accusat,
649 2683 682 2736 ut
704 2677 801 2746 audio,
826 2677 918 2734 solum

219 2774 368 2846 Tanquam
391 2774 593 2856 immorigeros
616 2773 745 2831 fascibus
768 2772 893 2843 imperii.

176 2870 315 2926 Attamen
337 2868 452 2949 imperii
475 2869 599 2940 sceptris
622 2873 651 2925 te
673 2869 751 2925 iusta
773 2866 909 2936 iubendo,

221 2962 333 3033 Gamla,
358 2963 520 3042 morigeros
543 2980 633 3034 usque
655 2960 746 3019 fuisse
768 2962 868 3034 liquet,

132 3077 160 3118 aa
177 3058 317 3138 Quodque
341 3059 398 3115 tuis
421 3057 554 3115 manibus
578 3061 638 3114 tam
661 3074 760 3115 sacras
784 3055 917 3114 Christus
940 3056 1070 3115 habenas

217 3152 373 3221 Detulerit‚
398 3152 500 3209 melius
524 3156 639 3210 constet
661 3157 694 3208 ut
716 3151 877 3223 imperium.

177 3248 356 3319 Agnoscunt,
383 3246 500 3316 Caesar,
526 3246 580 3303 tibi
603 3246 641 3304 ad
665 3246 762 3304 omnia
783 3246 881 3304 munia
903 3247 1040 3318 prompti,

219 3340 250 3398 si
271 3340 373 3398 iubeas
397 3357 470 3413 quae
493 3345 561 3398 sunt
584 3340 710 3398 Caesare
735 3340 823 3413 digna
844 3341 907 3413 pio;

175 3436 301 3509 Agmina
323 3435 482 3494 Turcarum
506 3434 530 3492 si
553 3435 596 3492 vis
620 3433 766 3506 depellere
789 3452 885 3506 saeva,

132 3549 161 3591 ao
219 3531 250 3588 Si
272 3530 405 3603 proferre
429 3531 519 3602 copia,
545 3529 659 3598 Carole,
683 3546 774 3602 regna
796 3531 861 3599 Dei,

173 3625 223 3683 Sic
248 3626 365 3699 cupient
388 3642 487 3683 omnes
512 3631 562 3682 tua
584 3624 665 3680 iussa
689 3641 851 3696 capessere,
878 3624 996 3695 Caesar,
