<?xml version="1.0" encoding="UTF-8"?>
<!DOCTYPE html PUBLIC "-//W3C//DTD XHTML 1.0 Transitional//EN"
    "http://www.w3.org/TR/xhtml1/DTD/xhtml1-transitional.dtd">
<html xmlns="http://www.w3.org/1999/xhtml" xml:lang="en" lang="en">
 <head>
  <title>
</title>
<meta http-equiv="Content-Type" content="text/html;charset=utf-8" />
  <meta name='ocr-system' content='tesseract 3.04.00' />
  <meta name='ocr-capabilities' content='ocr_page ocr_carea ocr_par ocr_line ocrx_word'/>
</head>
<body>
  <div class='ocr_page' id='page_1' title='image "./deutschelyriker01elligoog_0118.png"; bbox 0 0 2476 4050; ppageno 0'>
   <div class='ocr_carea' id='block_1_1' title="bbox 137 210 800 268">
    <p class='ocr_par' dir='ltr' id='par_1_1' title="bbox 137 210 800 268">
     <span class='ocr_line' id='line_1_1' title="bbox 137 210 800 268; baseline 0 -2"><span class='ocrx_word' id='word_1_1' title='bbox 137 210 177 266; x_wconf 85' lang='lat'>70</span> <span class='ocrx_word' id='word_1_2' title='bbox 445 222 473 267; x_wconf 88' lang='lat' dir='ltr'>v.</span> <span class='ocrx_word' id='word_1_3' title='bbox 501 223 593 268; x_wconf 79' lang='lat' dir='ltr'>ianus</span> <span class='ocrx_word' id='word_1_4' title='bbox 616 223 800 268; x_wconf 80' lang='lat' dir='ltr'>errrauuvs.</span> 
     </span>
    </p>
   </div>
   <div class='ocr_carea' id='block_1_2' title="bbox 132 398 1076 3702">
    <p class='ocr_par' dir='ltr' id='par_1_2' title="bbox 132 398 1076 3310">
     <span class='ocr_line' id='line_1_2' title="bbox 191 398 919 472; baseline 0.005 -18"><span class='ocrx_word' id='word_1_5' title='bbox 191 398 231 454; x_wconf 89' lang='lat' dir='ltr'>Vt</span> <span class='ocrx_word' id='word_1_6' title='bbox 254 415 318 455; x_wconf 91' lang='lat' dir='ltr'>cum</span> <span class='ocrx_word' id='word_1_7' title='bbox 341 403 489 455; x_wconf 84' lang='lat' dir='ltr'>mutarunt</span> <span class='ocrx_word' id='word_1_8' title='bbox 512 399 700 470; x_wconf 91' lang='lat' dir='ltr'>pudibundae</span> <span class='ocrx_word' id='word_1_9' title='bbox 723 401 843 472; x_wconf 85' lang='lat' dir='ltr'>virginis</span> <span class='ocrx_word' id='word_1_10' title='bbox 867 417 919 458; x_wconf 91' lang='lat' dir='ltr'>ora</span> 
     </span>
     <span class='ocr_line' id='line_1_3' title="bbox 132 492 978 568; baseline -0.004 -14"><span class='ocrx_word' id='word_1_11' title='bbox 132 514 161 554; x_wconf 75' lang='lat' dir='ltr'>so</span> <span class='ocrx_word' id='word_1_12' title='bbox 233 492 378 550; x_wconf 87' lang='lat' dir='ltr'>Strictura</span> <span class='ocrx_word' id='word_1_13' title='bbox 400 498 451 550; x_wconf 86' lang='lat' dir='ltr'>aut</span> <span class='ocrx_word' id='word_1_14' title='bbox 474 494 609 551; x_wconf 87' lang='lat' dir='ltr'>candenti</span> <span class='ocrx_word' id='word_1_15' title='bbox 632 501 664 551; x_wconf 90' lang='lat' dir='ltr'>ut</span> <span class='ocrx_word' id='word_1_16' title='bbox 686 495 772 552; x_wconf 90' lang='lat' dir='ltr'>rubet</span> <span class='ocrx_word' id='word_1_17' title='bbox 794 497 824 553; x_wconf 92' lang='lat' dir='ltr'>in</span> <span class='ocrx_word' id='word_1_18' title='bbox 848 496 978 568; x_wconf 73' lang='lat' dir='ltr'>chalybe.</span> 
     </span>
     <span class='ocr_line' id='line_1_4' title="bbox 191 583 1005 660; baseline 0.005 -16"><span class='ocrx_word' id='word_1_19' title='bbox 191 583 262 645; x_wconf 92' lang='lat' dir='ltr'>Inde</span> <span class='ocrx_word' id='word_1_20' title='bbox 286 604 339 659; x_wconf 92' lang='lat' dir='ltr'>per</span> <span class='ocrx_word' id='word_1_21' title='bbox 360 589 530 645; x_wconf 90' lang='lat' dir='ltr'>immensum</span> <span class='ocrx_word' id='word_1_22' title='bbox 552 605 672 660; x_wconf 79' lang='lat' dir='ltr'>sparsae</span> <span class='ocrx_word' id='word_1_23' title='bbox 696 590 880 648; x_wconf 87' lang='lat' dir='ltr'>efflorescitis</span> <span class='ocrx_word' id='word_1_24' title='bbox 904 591 1005 649; x_wconf 93' lang='lat' dir='ltr'>orbem</span> 
     </span>
     <span class='ocr_line' id='line_1_5' title="bbox 235 682 787 754; baseline 0.005 -16"><span class='ocrx_word' id='word_1_25' title='bbox 235 683 291 739; x_wconf 90' lang='lat' dir='ltr'>Hic</span> <span class='ocrx_word' id='word_1_26' title='bbox 314 683 372 739; x_wconf 90' lang='lat' dir='ltr'>illio</span> <span class='ocrx_word' id='word_1_27' title='bbox 395 682 466 740; x_wconf 84' lang='lat' dir='ltr'>folio</span> <span class='ocrx_word' id='word_1_28' title='bbox 490 684 665 741; x_wconf 90' lang='lat' dir='ltr'>versicolore</span> <span class='ocrx_word' id='word_1_29' title='bbox 688 702 787 754; x_wconf 82' lang='lat' dir='ltr'>rosae3</span> 
     </span>
     <span class='ocr_line' id='line_1_6' title="bbox 192 777 960 850; baseline 0.003 -16"><span class='ocrx_word' id='word_1_30' title='bbox 192 778 251 834; x_wconf 91' lang='lat' dir='ltr'>Vos</span> <span class='ocrx_word' id='word_1_31' title='bbox 275 778 367 834; x_wconf 87' lang='lat' dir='ltr'>tutela</span> <span class='ocrx_word' id='word_1_32' title='bbox 390 777 474 834; x_wconf 89' lang='lat' dir='ltr'>deum</span> <span class='ocrx_word' id='word_1_33' title='bbox 498 777 676 850; x_wconf 81' lang='lat' dir='ltr'>Venerisque</span> <span class='ocrx_word' id='word_1_34' title='bbox 700 779 804 836; x_wconf 81' lang='lat' dir='ltr'>exinde</span> <span class='ocrx_word' id='word_1_35' title='bbox 827 781 960 850; x_wconf 80' lang='lat' dir='ltr'>voluptas</span> 
     </span>
     <span class='ocr_line' id='line_1_7' title="bbox 236 871 865 931; baseline 0.006 -4"><span class='ocrx_word' id='word_1_36' title='bbox 236 872 275 928; x_wconf 88' lang='lat' dir='ltr'>Et</span> <span class='ocrx_word' id='word_1_37' title='bbox 300 871 406 929; x_wconf 86' lang='lat' dir='ltr'>Florae</span> <span class='ocrx_word' id='word_1_38' title='bbox 429 877 496 929; x_wconf 91' lang='lat' dir='ltr'>ante</span> <span class='ocrx_word' id='word_1_39' title='bbox 520 873 598 929; x_wconf 82' lang='lat' dir='ltr'>hort-i</span> <span class='ocrx_word' id='word_1_40' title='bbox 622 880 720 930; x_wconf 84' lang='lat' dir='ltr'>cetera</span> <span class='ocrx_word' id='word_1_41' title='bbox 743 874 865 931; x_wconf 81' lang='lat' dir='ltr'>deliciae</span> 
     </span>
     <span class='ocr_line' id='line_1_8' title="bbox 135 967 1076 1042; baseline 0.003 -18"><span class='ocrx_word' id='word_1_42' title='bbox 135 987 164 1026; x_wconf 75' lang='lat' dir='ltr'>ss</span> <span class='ocrx_word' id='word_1_43' title='bbox 192 967 255 1023; x_wconf 91' lang='lat' dir='ltr'>Nec</span> <span class='ocrx_word' id='word_1_44' title='bbox 279 983 336 1024; x_wconf 94' lang='lat' dir='ltr'>non</span> <span class='ocrx_word' id='word_1_45' title='bbox 358 984 428 1038; x_wconf 91' lang='lat' dir='ltr'>prae</span> <span class='ocrx_word' id='word_1_46' title='bbox 451 967 569 1039; x_wconf 89' lang='lat' dir='ltr'>reliquis</span> <span class='ocrx_word' id='word_1_47' title='bbox 594 969 744 1025; x_wconf 84' lang='lat' dir='ltr'>Charitum</span> <span class='ocrx_word' id='word_1_48' title='bbox 767 986 817 1026; x_wconf 90' lang='lat' dir='ltr'>vos</span> <span class='ocrx_word' id='word_1_49' title='bbox 841 970 918 1042; x_wconf 82' lang='lat' dir='ltr'>triga</span> <span class='ocrx_word' id='word_1_50' title='bbox 941 987 1076 1027; x_wconf 89' lang='lat' dir='ltr'>sororum</span> 
     </span>
     <span class='ocr_line' id='line_1_9' title="bbox 237 1062 790 1134; baseline 0.002 -16"><span class='ocrx_word' id='word_1_51' title='bbox 237 1062 283 1118; x_wconf 83' lang='lat' dir='ltr'>Ad</span> <span class='ocrx_word' id='word_1_52' title='bbox 306 1062 389 1119; x_wconf 91' lang='lat' dir='ltr'>labra</span> <span class='ocrx_word' id='word_1_53' title='bbox 411 1062 517 1134; x_wconf 79' lang='lat' dir='ltr'>inrigui</span> <span class='ocrx_word' id='word_1_54' title='bbox 540 1064 632 1119; x_wconf 92' lang='lat' dir='ltr'>nutrit</span> <span class='ocrx_word' id='word_1_55' title='bbox 654 1064 790 1132; x_wconf 84' lang='lat' dir='ltr'>Acidalii‚</span> 
     </span>
     <span class='ocr_line' id='line_1_10' title="bbox 192 1157 1049 1230; baseline 0.005 -18"><span class='ocrx_word' id='word_1_56' title='bbox 192 1157 234 1213; x_wconf 86' lang='lat' dir='ltr'>Et</span> <span class='ocrx_word' id='word_1_57' title='bbox 255 1174 307 1213; x_wconf 89' lang='lat' dir='ltr'>ros</span> <span class='ocrx_word' id='word_1_58' title='bbox 330 1157 463 1213; x_wconf 87' lang='lat' dir='ltr'>Bacchus</span> <span class='ocrx_word' id='word_1_59' title='bbox 487 1163 573 1225; x_wconf 86' lang='lat' dir='ltr'>amat,</span> <span class='ocrx_word' id='word_1_60' title='bbox 597 1159 707 1229; x_wconf 91' lang='lat' dir='ltr'>primus</span> <span class='ocrx_word' id='word_1_61' title='bbox 730 1158 892 1230; x_wconf 80' lang='lat' dir='ltr'>fragrantia</span> <span class='ocrx_word' id='word_1_62' title='bbox 913 1159 1049 1216; x_wconf 89' lang='lat' dir='ltr'>Bacchus</span> 
     </span>
     <span class='ocr_line' id='line_1_11' title="bbox 235 1251 849 1322; baseline 0.003 -15"><span class='ocrx_word' id='word_1_63' title='bbox 235 1251 386 1322; x_wconf 82' lang='lat' dir='ltr'>Expressa</span> <span class='ocrx_word' id='word_1_64' title='bbox 410 1268 425 1308; x_wconf 93' lang='lat' dir='ltr'>e</span> <span class='ocrx_word' id='word_1_65' title='bbox 448 1253 552 1308; x_wconf 90' lang='lat' dir='ltr'>vestris</span> <span class='ocrx_word' id='word_1_66' title='bbox 577 1253 643 1309; x_wconf 85' lang='lat' dir='ltr'>vino</span> <span class='ocrx_word' id='word_1_67' title='bbox 666 1251 849 1321; x_wconf 72' lang='lat' dir='ltr'>bibitionis,</span> 
     </span>
     <span class='ocr_line' id='line_1_12' title="bbox 193 1346 919 1418; baseline 0.003 -16"><span class='ocrx_word' id='word_1_68' title='bbox 193 1346 353 1417; x_wconf 84' lang='lat' dir='ltr'>Expositos</span> <span class='ocrx_word' id='word_1_69' title='bbox 376 1363 545 1417; x_wconf 84' lang='lat' dir='ltr'>magnorum</span> <span class='ocrx_word' id='word_1_70' title='bbox 569 1346 607 1403; x_wconf 89' lang='lat' dir='ltr'>ad</span> <span class='ocrx_word' id='word_1_71' title='bbox 629 1348 792 1418; x_wconf 84' lang='lat' dir='ltr'>pulvinaria</span> <span class='ocrx_word' id='word_1_72' title='bbox 813 1347 919 1404; x_wconf 91' lang='lat' dir='ltr'>Divum</span> 
     </span>
     <span class='ocr_line' id='line_1_13' title="bbox 137 1440 792 1512; baseline -0.002 -13"><span class='ocrx_word' id='word_1_73' title='bbox 137 1460 166 1500; x_wconf 87' lang='grc'>00</span> <span class='ocrx_word' id='word_1_74' title='bbox 238 1441 370 1497; x_wconf 85' lang='lat' dir='ltr'>Instituit</span> <span class='ocrx_word' id='word_1_75' title='bbox 392 1446 510 1498; x_wconf 86' lang='lat' dir='ltr'>sanctos</span> <span class='ocrx_word' id='word_1_76' title='bbox 533 1440 688 1512; x_wconf 90' lang='lat' dir='ltr'>pacificare</span> <span class='ocrx_word' id='word_1_77' title='bbox 712 1442 792 1511; x_wconf 92' lang='lat' dir='ltr'>deos,</span> 
     </span>
     <span class='ocr_line' id='line_1_14' title="bbox 197 1535 930 1604; baseline 0.003 -14"><span class='ocrx_word' id='word_1_78' title='bbox 197 1535 274 1604; x_wconf 74' lang='lat' dir='ltr'>Quin</span> <span class='ocrx_word' id='word_1_79' title='bbox 297 1537 382 1592; x_wconf 91' lang='lat' dir='ltr'>sertis</span> <span class='ocrx_word' id='word_1_80' title='bbox 406 1536 491 1592; x_wconf 88' lang='lat' dir='ltr'>simul</span> <span class='ocrx_word' id='word_1_81' title='bbox 512 1536 639 1594; x_wconf 82' lang='lat' dir='ltr'>intextas</span> <span class='ocrx_word' id='word_1_82' title='bbox 663 1536 828 1593; x_wconf 86' lang='lat' dir='ltr'>halantibus</span> <span class='ocrx_word' id='word_1_83' title='bbox 852 1537 930 1593; x_wconf 91' lang='lat' dir='ltr'>idem</span> 
     </span>
     <span class='ocr_line' id='line_1_15' title="bbox 238 1630 841 1689; baseline -0.002 -2"><span class='ocrx_word' id='word_1_84' title='bbox 238 1630 340 1687; x_wconf 89' lang='lat' dir='ltr'>Intulit</span> <span class='ocrx_word' id='word_1_85' title='bbox 363 1635 393 1688; x_wconf 91' lang='lat' dir='ltr'>et</span> <span class='ocrx_word' id='word_1_86' title='bbox 414 1632 520 1687; x_wconf 88' lang='lat' dir='ltr'>mensis</span> <span class='ocrx_word' id='word_1_87' title='bbox 545 1631 642 1687; x_wconf 89' lang='lat' dir='ltr'>intulit</span> <span class='ocrx_word' id='word_1_88' title='bbox 664 1636 694 1688; x_wconf 88' lang='lat' dir='ltr'>et</span> <span class='ocrx_word' id='word_1_89' title='bbox 717 1632 841 1689; x_wconf 87' lang='lat' dir='ltr'>choreis.</span> 
     </span>
     <span class='ocr_line' id='line_1_16' title="bbox 196 1725 1053 1798; baseline 0 -15"><span class='ocrx_word' id='word_1_90' title='bbox 196 1725 271 1796; x_wconf 79' lang='lat' dir='ltr'>Quid</span> <span class='ocrx_word' id='word_1_91' title='bbox 294 1726 406 1798; x_wconf 86' lang='lat' dir='ltr'>loquar,</span> <span class='ocrx_word' id='word_1_92' title='bbox 430 1731 462 1782; x_wconf 92' lang='lat' dir='ltr'>ut</span> <span class='ocrx_word' id='word_1_93' title='bbox 485 1726 580 1783; x_wconf 92' lang='lat' dir='ltr'>dubiis</span> <span class='ocrx_word' id='word_1_94' title='bbox 602 1727 770 1798; x_wconf 79' lang='lat' dir='ltr'>languentia</span> <span class='ocrx_word' id='word_1_95' title='bbox 795 1743 918 1797; x_wconf 90' lang='lat' dir='ltr'>corpora</span> <span class='ocrx_word' id='word_1_96' title='bbox 941 1726 1053 1783; x_wconf 83' lang='lat' dir='ltr'>morbis</span> 
     </span>
     <span class='ocr_line' id='line_1_17' title="bbox 239 1821 782 1891; baseline 0 -14"><span class='ocrx_word' id='word_1_97' title='bbox 239 1821 375 1878; x_wconf 90' lang='lat' dir='ltr'>Protinus</span> <span class='ocrx_word' id='word_1_98' title='bbox 399 1821 518 1878; x_wconf 89' lang='lat' dir='ltr'>admota</span> <span class='ocrx_word' id='word_1_99' title='bbox 540 1821 702 1878; x_wconf 86' lang='lat' dir='ltr'>restituatis</span> <span class='ocrx_word' id='word_1_100' title='bbox 727 1838 782 1891; x_wconf 91' lang='lat' dir='ltr'>ope</span> 
     </span>
     <span class='ocr_line' id='line_1_18' title="bbox 139 1913 941 1988; baseline -0.004 -14"><span class='ocrx_word' id='word_1_101' title='bbox 139 1936 167 1976; x_wconf 76' lang='lat' dir='ltr'>os</span> <span class='ocrx_word' id='word_1_102' title='bbox 198 1917 293 1988; x_wconf 85' lang='lat' dir='ltr'>thue</span> <span class='ocrx_word' id='word_1_103' title='bbox 315 1932 368 1973; x_wconf 91' lang='lat' dir='ltr'>nec</span> <span class='ocrx_word' id='word_1_104' title='bbox 392 1913 489 1972; x_wconf 87' lang='lat' dir='ltr'>officio</span> <span class='ocrx_word' id='word_1_105' title='bbox 512 1921 610 1972; x_wconf 88' lang='lat' dir='ltr'>vestro</span> <span class='ocrx_word' id='word_1_106' title='bbox 634 1915 775 1987; x_wconf 86' lang='lat' dir='ltr'>iustisque</span> <span class='ocrx_word' id='word_1_107' title='bbox 799 1916 941 1987; x_wconf 82' lang='lat' dir='ltr'>supremis</span> 
     </span>
     <span class='ocr_line' id='line_1_19' title="bbox 242 2010 819 2069; baseline -0.003 -1"><span class='ocrx_word' id='word_1_108' title='bbox 242 2012 276 2069; x_wconf 92' lang='lat' dir='ltr'>In</span> <span class='ocrx_word' id='word_1_109' title='bbox 300 2012 373 2068; x_wconf 91' lang='lat' dir='ltr'>dura</span> <span class='ocrx_word' id='word_1_110' title='bbox 395 2010 494 2068; x_wconf 90' lang='lat' dir='ltr'>miseri</span> <span class='ocrx_word' id='word_1_111' title='bbox 518 2010 710 2067; x_wconf 85' lang='lat' dir='ltr'>destituamur</span> <span class='ocrx_word' id='word_1_112' title='bbox 732 2010 819 2066; x_wconf 89' lang='lat' dir='ltr'>humo</span> 
     </span>
     <span class='ocr_line' id='line_1_20' title="bbox 200 2105 958 2180; baseline -0.003 -17"><span class='ocrx_word' id='word_1_113' title='bbox 200 2107 380 2180; x_wconf 86' lang='lat' dir='ltr'>Aonisiuque</span> <span class='ocrx_word' id='word_1_114' title='bbox 402 2106 479 2164; x_wconf 92' lang='lat' dir='ltr'>bono</span> <span class='ocrx_word' id='word_1_115' title='bbox 503 2111 535 2162; x_wconf 91' lang='lat' dir='ltr'>ut</span> <span class='ocrx_word' id='word_1_116' title='bbox 558 2105 636 2163; x_wconf 92' lang='lat' dir='ltr'>soliti</span> <span class='ocrx_word' id='word_1_117' title='bbox 656 2122 708 2176; x_wconf 94' lang='lat' dir='ltr'>pro</span> <span class='ocrx_word' id='word_1_118' title='bbox 731 2106 857 2162; x_wconf 87' lang='lat' dir='ltr'>carmine</span> <span class='ocrx_word' id='word_1_119' title='bbox 878 2110 958 2161; x_wconf 88' lang='lat' dir='ltr'>rates</span> 
     </span>
     <span class='ocr_line' id='line_1_21' title="bbox 244 2196 893 2260; baseline -0.009 0"><span class='ocrx_word' id='word_1_120' title='bbox 244 2202 394 2260; x_wconf 88' lang='lat' dir='ltr'>Sertarum</span> <span class='ocrx_word' id='word_1_121' title='bbox 418 2219 433 2260; x_wconf 93' lang='lat' dir='ltr'>e</span> <span class='ocrx_word' id='word_1_122' title='bbox 457 2202 567 2258; x_wconf 86' lang='lat' dir='ltr'>malicia</span> <span class='ocrx_word' id='word_1_123' title='bbox 592 2205 673 2257; x_wconf 88' lang='lat' dir='ltr'>texta</span> <span class='ocrx_word' id='word_1_124' title='bbox 696 2201 774 2257; x_wconf 85' lang='lat' dir='ltr'>viere</span> <span class='ocrx_word' id='word_1_125' title='bbox 797 2196 893 2256; x_wconf 77' lang='lat' dir='ltr'>rosis?</span> 
     </span>
     <span class='ocr_line' id='line_1_22' title="bbox 198 2294 1008 2368; baseline -0.004 -14"><span class='ocrx_word' id='word_1_126' title='bbox 198 2297 259 2354; x_wconf 86' lang='lat' dir='ltr'>Vos</span> <span class='ocrx_word' id='word_1_127' title='bbox 283 2315 336 2368; x_wconf 80' lang='lat' dir='ltr'>ego</span> <span class='ocrx_word' id='word_1_128' title='bbox 359 2302 510 2368; x_wconf 86' lang='lat' dir='ltr'>perpetuo,</span> <span class='ocrx_word' id='word_1_129' title='bbox 537 2297 635 2366; x_wconf 84' lang='lat' dir='ltr'>siqua</span> <span class='ocrx_word' id='word_1_130' title='bbox 658 2300 703 2350; x_wconf 92' lang='lat' dir='ltr'>est</span> <span class='ocrx_word' id='word_1_131' title='bbox 726 2312 761 2351; x_wconf 91' lang='lat' dir='ltr'>ea</span> <span class='ocrx_word' id='word_1_132' title='bbox 784 2295 888 2366; x_wconf 80' lang='lat' dir='ltr'>gratia,</span> <span class='ocrx_word' id='word_1_133' title='bbox 914 2294 1008 2351; x_wconf 90' lang='lat' dir='ltr'>dicam</span> 
     </span>
     <span class='ocr_line' id='line_1_23' title="bbox 140 2389 848 2462; baseline -0.013 -9"><span class='ocrx_word' id='word_1_134' title='bbox 140 2413 181 2453; x_wconf 90' lang='grc'>100</span> <span class='ocrx_word' id='word_1_135' title='bbox 240 2392 446 2462; x_wconf 77' lang='lat' dir='ltr'>Qualicumque</span> <span class='ocrx_word' id='word_1_136' title='bbox 470 2391 526 2448; x_wconf 91' lang='lat' dir='ltr'>mei</span> <span class='ocrx_word' id='word_1_137' title='bbox 550 2389 685 2446; x_wconf 78' lang='lat' dir='ltr'>carminis</span> <span class='ocrx_word' id='word_1_138' title='bbox 710 2389 848 2461; x_wconf 88' lang='lat' dir='ltr'>obsequio</span> 
     </span>
     <span class='ocr_line' id='line_1_24' title="bbox 198 2484 926 2558; baseline -0.008 -14"><span class='ocrx_word' id='word_1_139' title='bbox 198 2484 391 2558; x_wconf 88' lang='lat' dir='ltr'>Incedamque</span> <span class='ocrx_word' id='word_1_140' title='bbox 414 2486 489 2542; x_wconf 88' lang='lat' dir='ltr'>rosis</span> <span class='ocrx_word' id='word_1_141' title='bbox 513 2486 642 2541; x_wconf 91' lang='lat' dir='ltr'>evinctus</span> <span class='ocrx_word' id='word_1_142' title='bbox 665 2490 798 2556; x_wconf 90' lang='lat' dir='ltr'>tempora</span> <span class='ocrx_word' id='word_1_143' title='bbox 820 2484 926 2540; x_wconf 80' lang='lat' dir='ltr'>vernis.</span> 
     </span>
     <span class='ocr_line' id='line_1_25' title="bbox 240 2578 892 2654; baseline -0.006 -16"><span class='ocrx_word' id='word_1_144' title='bbox 240 2582 299 2640; x_wconf 83' lang='lat' dir='ltr'>Vos</span> <span class='ocrx_word' id='word_1_145' title='bbox 324 2599 377 2654; x_wconf 83' lang='lat' dir='ltr'>ego</span> <span class='ocrx_word' id='word_1_146' title='bbox 401 2581 468 2639; x_wconf 90' lang='lat' dir='ltr'>dum</span> <span class='ocrx_word' id='word_1_147' title='bbox 491 2580 583 2651; x_wconf 88' lang='lat' dir='ltr'>plenis</span> <span class='ocrx_word' id='word_1_148' title='bbox 607 2578 725 2636; x_wconf 90' lang='lat' dir='ltr'>naribus</span> <span class='ocrx_word' id='word_1_149' title='bbox 749 2578 892 2646; x_wconf 76' lang='lat' dir='ltr'>olfaciant,</span> 
     </span>
     <span class='ocr_line' id='line_1_26' title="bbox 199 2673 1041 2745; baseline -0.008 -10"><span class='ocrx_word' id='word_1_150' title='bbox 199 2678 243 2735; x_wconf 91' lang='lat' dir='ltr'>Ne</span> <span class='ocrx_word' id='word_1_151' title='bbox 267 2677 336 2734; x_wconf 91' lang='lat' dir='ltr'>mihi</span> <span class='ocrx_word' id='word_1_152' title='bbox 360 2677 398 2733; x_wconf 92' lang='lat' dir='ltr'>sit</span> <span class='ocrx_word' id='word_1_153' title='bbox 420 2675 539 2732; x_wconf 90' lang='lat' dir='ltr'>nimium</span> <span class='ocrx_word' id='word_1_154' title='bbox 563 2675 669 2732; x_wconf 89' lang='lat' dir='ltr'>sectari</span> <span class='ocrx_word' id='word_1_155' title='bbox 692 2679 848 2745; x_wconf 80' lang='lat' dir='ltr'>unguenta,</span> <span class='ocrx_word' id='word_1_156' title='bbox 873 2673 924 2729; x_wconf 89' lang='lat' dir='ltr'>sed</span> <span class='ocrx_word' id='word_1_157' title='bbox 948 2673 1041 2743; x_wconf 84' lang='lat' dir='ltr'>ipsam</span> 
     </span>
     <span class='ocr_line' id='line_1_27' title="bbox 240 2768 838 2841; baseline -0.01 -12"><span class='ocrx_word' id='word_1_158' title='bbox 240 2772 380 2829; x_wconf 86' lang='lat' dir='ltr'>Arabiam</span> <span class='ocrx_word' id='word_1_159' title='bbox 404 2771 478 2828; x_wconf 91' lang='lat' dir='ltr'>dites</span> <span class='ocrx_word' id='word_1_160' title='bbox 503 2769 716 2841; x_wconf 84' lang='lat' dir='ltr'>despiciamque</span> <span class='ocrx_word' id='word_1_161' title='bbox 741 2768 838 2840; x_wconf 89' lang='lat' dir='ltr'>Syros.</span> 
     </span>
     <span class='ocr_line' id='line_1_28' title="bbox 142 2862 1051 2934; baseline -0.011 -6"><span class='ocrx_word' id='word_1_162' title='bbox 142 2888 184 2929; x_wconf 79' lang='lat' dir='ltr'>me</span> <span class='ocrx_word' id='word_1_163' title='bbox 199 2869 239 2926; x_wconf 89' lang='lat' dir='ltr'>Et</span> <span class='ocrx_word' id='word_1_164' title='bbox 262 2874 360 2925; x_wconf 89' lang='lat' dir='ltr'>tamen</span> <span class='ocrx_word' id='word_1_165' title='bbox 382 2873 414 2923; x_wconf 91' lang='lat' dir='ltr'>ut</span> <span class='ocrx_word' id='word_1_166' title='bbox 437 2865 562 2933; x_wconf 88' lang='lat' dir='ltr'>memini,</span> <span class='ocrx_word' id='word_1_167' title='bbox 587 2865 700 2922; x_wconf 89' lang='lat' dir='ltr'>blandis</span> <span class='ocrx_word' id='word_1_168' title='bbox 726 2880 789 2919; x_wconf 93' lang='lat' dir='ltr'>cum</span> <span class='ocrx_word' id='word_1_169' title='bbox 812 2879 950 2934; x_wconf 85' lang='lat' dir='ltr'>pascerer</span> <span class='ocrx_word' id='word_1_170' title='bbox 972 2862 1051 2919; x_wconf 87' lang='lat' dir='ltr'>auris</span> 
     </span>
     <span class='ocr_line' id='line_1_29' title="bbox 242 2958 860 3033; baseline -0.013 -13"><span class='ocrx_word' id='word_1_171' title='bbox 242 2963 435 3033; x_wconf 87' lang='lat' dir='ltr'>Aestivusque</span> <span class='ocrx_word' id='word_1_172' title='bbox 459 2961 508 3016; x_wconf 90' lang='lat' dir='ltr'>siti</span> <span class='ocrx_word' id='word_1_173' title='bbox 531 2959 654 3017; x_wconf 88' lang='lat' dir='ltr'>finderet</span> <span class='ocrx_word' id='word_1_174' title='bbox 678 2975 747 3016; x_wconf 85' lang='lat' dir='ltr'>arva</span> <span class='ocrx_word' id='word_1_175' title='bbox 771 2958 860 3026; x_wconf 87' lang='lat' dir='ltr'>canis,</span> 
     </span>
     <span class='ocr_line' id='line_1_30' title="bbox 197 3054 862 3128; baseline -0.009 -14"><span class='ocrx_word' id='word_1_176' title='bbox 197 3060 278 3128; x_wconf 75' lang='lat' dir='ltr'>Quae</span> <span class='ocrx_word' id='word_1_177' title='bbox 301 3056 442 3113; x_wconf 87' lang='lat' dir='ltr'>matutino</span> <span class='ocrx_word' id='word_1_178' title='bbox 466 3055 625 3126; x_wconf 83' lang='lat' dir='ltr'>viguissent</span> <span class='ocrx_word' id='word_1_179' title='bbox 649 3054 717 3125; x_wconf 76' lang='lat' dir='ltr'>sole,</span> <span class='ocrx_word' id='word_1_180' title='bbox 743 3057 862 3124; x_wconf 90' lang='lat' dir='ltr'>repente</span> 
     </span>
     <span class='ocr_line' id='line_1_31' title="bbox 240 3150 805 3222; baseline -0.009 -13"><span class='ocrx_word' id='word_1_181' title='bbox 240 3151 387 3209; x_wconf 90' lang='lat' dir='ltr'>Deciduas</span> <span class='ocrx_word' id='word_1_182' title='bbox 410 3150 507 3207; x_wconf 91' lang='lat' dir='ltr'>medio</span> <span class='ocrx_word' id='word_1_183' title='bbox 532 3150 690 3222; x_wconf 82' lang='lat' dir='ltr'>deperiisse</span> <span class='ocrx_word' id='word_1_184' title='bbox 714 3164 805 3205; x_wconf 88' lang='lat' dir='ltr'>rosas.</span> 
     </span>
     <span class='ocr_line' id='line_1_32' title="bbox 199 3242 968 3310; baseline -0.012 -4"><span class='ocrx_word' id='word_1_185' title='bbox 199 3249 264 3306; x_wconf 89' lang='lat' dir='ltr'>Vna</span> <span class='ocrx_word' id='word_1_186' title='bbox 287 3248 349 3306; x_wconf 86' lang='lat' dir='ltr'>dies</span> <span class='ocrx_word' id='word_1_187' title='bbox 374 3253 486 3306; x_wconf 89' lang='lat' dir='ltr'>tantum</span> <span class='ocrx_word' id='word_1_188' title='bbox 510 3246 596 3302; x_wconf 85' lang='lat' dir='ltr'>terris</span> <span class='ocrx_word' id='word_1_189' title='bbox 619 3247 797 3301; x_wconf 87' lang='lat' dir='ltr'>monstrarat</span> <span class='ocrx_word' id='word_1_190' title='bbox 820 3242 968 3310; x_wconf 87' lang='lat' dir='ltr'>honorem,</span> 
     </span>
    </p>

    <p class='ocr_par' dir='ltr' id='par_1_3' title="bbox 146 3336 1039 3602">
     <span class='ocr_line' id='line_1_33' title="bbox 146 3336 1039 3417; baseline -0.017 -12"><span class='ocrx_word' id='word_1_191' title='bbox 146 3366 188 3406; x_wconf 90' lang='grc'>110</span> <span class='ocrx_word' id='word_1_192' title='bbox 246 3346 342 3417; x_wconf 85' lang='lat' dir='ltr'>Atque</span> <span class='ocrx_word' id='word_1_193' title='bbox 367 3344 469 3402; x_wconf 89' lang='lat' dir='ltr'>eadem</span> <span class='ocrx_word' id='word_1_194' title='bbox 492 3340 661 3407; x_wconf 88' lang='lat' dir='ltr'>abstulerat,</span> <span class='ocrx_word' id='word_1_195' title='bbox 686 3356 739 3410; x_wconf 90' lang='lat' dir='ltr'>pro</span> <span class='ocrx_word' id='word_1_196' title='bbox 764 3337 856 3405; x_wconf 85' lang='lat' dir='ltr'>dolor,</span> <span class='ocrx_word' id='word_1_197' title='bbox 886 3353 944 3393; x_wconf 90' lang='lat' dir='ltr'>una</span> <span class='ocrx_word' id='word_1_198' title='bbox 968 3336 1039 3392; x_wconf 91' lang='lat' dir='ltr'>dies.</span> 
     </span>
     <span class='ocr_line' id='line_1_34' title="bbox 148 3430 1015 3510; baseline -0.015 -11"><span class='ocrx_word' id='word_1_199' title='bbox 148 3432 152 3441; x_wconf 76' lang='grc'><strong>’</strong></span> <span class='ocrx_word' id='word_1_200' title='bbox 200 3440 308 3510; x_wconf 78' lang='lat' dir='ltr'>Pallor,</span> <span class='ocrx_word' id='word_1_201' title='bbox 334 3457 371 3497; x_wconf 91' lang='lat' dir='ltr'>an</span> <span class='ocrx_word' id='word_1_202' title='bbox 395 3444 424 3496; x_wconf 92' lang='lat' dir='ltr'>et</span> <span class='ocrx_word' id='word_1_203' title='bbox 447 3437 541 3495; x_wconf 87' lang='lat' dir='ltr'>doctis</span> <span class='ocrx_word' id='word_1_204' title='bbox 565 3435 606 3491; x_wconf 86' lang='lat' dir='ltr'>sic</span> <span class='ocrx_word' id='word_1_205' title='bbox 630 3439 699 3505; x_wconf 87' lang='lat' dir='ltr'>apta</span> <span class='ocrx_word' id='word_1_206' title='bbox 721 3434 837 3489; x_wconf 84' lang='lat' dir='ltr'>iuventa</span> <span class='ocrx_word' id='word_1_207' title='bbox 862 3430 1015 3488; x_wconf 86' lang='lat' dir='ltr'>Comoenis</span> 
     </span>
     <span class='ocr_line' id='line_1_35' title="bbox 245 3522 948 3602; baseline -0.017 -9"><span class='ocrx_word' id='word_1_208' title='bbox 245 3535 369 3592; x_wconf 89' lang='lat' dir='ltr'>Labitur</span> <span class='ocrx_word' id='word_1_209' title='bbox 392 3538 422 3590; x_wconf 94' lang='lat' dir='ltr'>et</span> <span class='ocrx_word' id='word_1_210' title='bbox 444 3547 588 3602; x_wconf 88' lang='lat' dir='ltr'>nunquam</span> <span class='ocrx_word' id='word_1_211' title='bbox 611 3535 677 3601; x_wconf 91' lang='lat' dir='ltr'>post</span> <span class='ocrx_word' id='word_1_212' title='bbox 701 3528 833 3584; x_wconf 87' lang='lat' dir='ltr'>reditura</span> <span class='ocrx_word' id='word_1_213' title='bbox 855 3522 948 3598; x_wconf 79' lang='lat' dir='ltr'>fugit?</span> 
     </span>
    </p>

    <p class='ocr_par' dir='ltr' id='par_1_4' title="bbox 198 3625 866 3702">
     <span class='ocr_line' id='line_1_36' title="bbox 198 3625 866 3702; baseline -0.015 -14"><span class='ocrx_word' id='word_1_214' title='bbox 198 3630 322 3702; x_wconf 80' lang='lat' dir='ltr'>Aufugit.</span> <span class='ocrx_word' id='word_1_215' title='bbox 343 3629 452 3697; x_wconf 89' lang='lat' dir='ltr'>utilior,</span> <span class='ocrx_word' id='word_1_216' title='bbox 477 3626 608 3697; x_wconf 84' lang='lat' dir='ltr'>subrepit</span> <span class='ocrx_word' id='word_1_217' title='bbox 631 3625 753 3681; x_wconf 90' lang='lat' dir='ltr'>inertior</span> <span class='ocrx_word' id='word_1_218' title='bbox 776 3627 866 3686; x_wconf 86' lang='lat' dir='ltr'>aetas,</span> 
     </span>
    </p>
   </div>
   <div class='ocr_carea' id='block_1_3' title="bbox 0 0 1257 4050">
    <p class='ocr_par' dir='ltr' id='par_1_5' title="bbox 0 0 1257 4050">
     <span class='ocr_line' id='line_1_37' title="bbox 0 0 1257 4050; baseline 0 0"><span class='ocrx_word' id='word_1_219' title='bbox 0 0 1257 4050; x_wconf 95' lang='lat' dir='ltr'> </span> 
     </span>
    </p>
   </div>
  </div>
 </body>
</html>
