2476 4050
130 2506 158 2547 15

603 718 637 776 V.

293 872 466 932 loturus
490 871 699 930 FABRIOIVS
723 873 950 932 MONTANVS.

400 1027 452 1084 Au
475 1027 643 1084 loannem
666 1027 842 1099 Hylerum.

299 1164 496 1221 Crebrescunt
517 1163 645 1236 Zephyri
668 1164 795 1235 tepentis
819 1180 917 1234 aurae,

298 1260 360 1316 Nur
383 1259 440 1314 iam
464 1262 549 1328 prata
572 1258 637 1330 gelu
660 1259 756 1329 rigent
780 1264 874 1328 acuto,

300 1352 358 1410 Sed
381 1358 478 1409 terroe
501 1351 593 1409 violas
616 1352 715 1408 ferunt
739 1352 851 1410 solutae

298 1447 338 1504 Et
360 1451 524 1518 gemmante
547 1446 642 1503 sinum
666 1446 763 1503 colore
786 1448 917 1519 pingunt.

299 1542 333 1599 Iu
356 1542 435 1599 silvis
458 1542 592 1598 volueres
616 1546 778 1613 queruntur
800 1543 876 1612 altis,

299 1638 419 1709 Argutis
443 1653 592 1692 nemorum
618 1637 708 1692 comis
733 1653 887 1694 susurrans

297 1732 430 1803 Lympha
452 1731 561 1788 rivulus
585 1730 732 1802 obstrepit
755 1736 885 1788 sonante.

298 1827 359 1882 Has
382 1831 414 1881 tu
438 1825 567 1894 delicias
593 1825 694 1893 aulice,
720 1825 799 1881 solus

298 1917 426 1978 Gustus?
451 1918 474 1976 Ο
498 1923 549 1975 tua
572 1923 618 1975 ter
641 1923 801 1992 quaterque
823 1919 894 1978 felix

297 2015 373 2084 Vite,
399 2015 446 2086 qui
469 2014 571 2085 procul
593 2013 676 2070 urbis
700 2031 717 2070 u
741 2016 866 2071 tumultu

299 2109 392 2167 Silvas
415 2110 492 2167 inter
515 2115 545 2166 et
568 2109 696 2180 optimos
718 2109 832 2166 libellos

297 2205 401 2262 Manes
424 2204 582 2274 imperiose
606 2204 670 2260 iura
692 2202 756 2261 fati.

298 2297 322 2355 Ο
345 2314 421 2353 nune
443 2297 572 2354 unanimi
595 2303 645 2354 tuo
670 2298 764 2355 sodali

295 2392 387 2462 Bigee
410 2391 582 2462 Triptolemi
606 2393 682 2449 citae
707 2393 859 2450 darentur!

298 2487 345 2543 Au
367 2486 465 2543 villam
489 2485 595 2557 eupido
617 2492 698 2544 tuam
722 2489 842 2545 volaret.

365 2935 369 2946 ,
437 2878 571 2936 IVSTVS
593 2879 796 2936 VVLTEIVS.

416 3016 465 3072 De
504 3023 662 3087 tempore
701 3032 815 3073 verno.

172 3137 274 3195 Pellite
297 3137 456 3204 tristitiam,
483 3152 579 3192 mores
603 3141 740 3192 revocate
764 3137 893 3192 ioeosos:

213 3232 275 3290 Nos
299 3231 407 3288 similes
432 3230 517 3287 huius
541 3229 683 3300 temporis
708 3246 771 3286 esse
795 3229 888 3286 decet.

170 3326 361 3397 Temporibus
384 3330 471 3397 paret
494 3325 610 3395 sapiens
634 3324 847 3397 praesentibus,
873 3330 902 3381 et
925 3327 991 3397 quis

212 3422 249 3478 Se
273 3420 343 3477 velit
364 3420 395 3476 iu
418 3419 516 3476 stultis
539 3435 646 3475 nomen
669 3417 778 3474 hebere
802 3415 920 3474 elroris‘?
1050 3428 1053 3433 '

139 3517 248 3590 5Ergo
272 3515 349 3588 quod
372 3515 563 3585 impraesens
588 3530 635 3568 res
658 3512 789 3583 postulat
811 3513 875 3583 ipsa
898 3410 1134 3735 sequfl

1063 3692 1089 3735 ru
1103 3728 1107 3735 .
