2476 4050
425 196 466 241 VI.
495 196 614 240 namon
636 197 810 243 LAVBANVS.

421 388 575 447 MELIOR
597 389 816 452 LAVBANVS.

379 528 430 584 Aa
453 527 571 584 Iesum
595 528 855 586 Immanuelem.

227 641 292 697 Pro
315 639 544 711 mitigatione
567 640 793 710 publicarum
815 659 1018 713 poenarum.

286 760 373 817 Patre
397 776 507 815 summo
531 759 627 816 Iesnlc
649 759 690 815 nil
713 760 815 829 minor,

286 857 376 923 Quem
399 855 532 910 luctuoso
555 850 692 909 flexibilis
717 853 834 910 modum

336 948 431 1005 Penes
454 945 578 1019 flagella,
605 964 676 1018 quas
701 964 717 1003 o
742 948 793 1004 iris
852 951 858 961 ’

337 1041 461 1099 Acribus
486 1042 587 1098 inicies
612 1039 763 1098 habenas?

286 1180 352 1236 Non
374 1178 491 1236 flamma
514 1179 611 1247 silvae,
636 1197 695 1236 non
720 1178 819 1236 rabies
843 1182 937 1251 quatit

286 1275 397 1345 Rupem
421 1273 596 1330 eminentem
620 1274 739 1330 concita
761 1272 910 1344 fluctuum,

337 1369 403 1425 Non
426 1368 533 1424 fulmen
557 1384 659 1438 aeque,
685 1386 742 1425 non
765 1370 898 1439 procacis

337 1463 385 1519 Sic
407 1461 488 1519 furor
512 1467 597 1533 urget
619 1463 784 1533 Apeliotae,

285 1601 409 1657 Divinae
431 1604 464 1655 ut
486 1599 557 1670 irae,
582 1616 653 1671 quas
678 1616 771 1670 neque
793 1599 930 1670 pinguior

286 1697 415 1753 Placarit
437 1712 528 1766 agnus
552 1711 606 1751 nec
631 1695 805 1750 meritorum
828 1694 923 1752 honor

338 1793 400 1849 Nec
422 1791 529 1848 missae
552 1790 654 1845 inanes
678 1806 733 1846 nec
755 1789 869 1848 libellos

337 1886 418 1943 Mille
443 1901 564 1955 crepans
588 1885 741 1940 veniarum
765 1890 877 1956 agyrta.

286 2024 442 2095 Spectatur
464 2022 538 2079 cheu
560 2020 700 2077 mandere
724 2020 849 2091 plurima

286 2119 378 2177 Fame
403 2123 520 2176 coactus
544 2132 601 2172 nen
626 2116 742 2172 solitum
766 2116 862 2173 incola

338 2215 447 2271 Panem
471 2218 500 2268 et
522 2214 678 2268 necaturas
703 2210 823 2266 latranti

339 2307 505 2365 Ventriculo
530 2305 702 2376 apposuisse
726 2304 825 2360 micas

285 2446 350 2503 Irae
374 2462 409 2501 en
432 2443 576 2515 popellum
600 2440 742 2511 pestifera
765 2441 812 2498 luc

286 2541 408 2608 Neeant,
434 2543 463 2595 et
486 2537 562 2594 altae
586 2535 740 2592 moenibus
766 2535 914 2608 Hungaris

337 2635 451 2692 Stetere
476 2648 589 2699 causae,
616 2647 667 2687 eur
690 2631 821 2702 perirent

341 2729 478 2787 Crebrius
501 2727 740 2798 imprimeretque
764 2726 857 2796 portis

286 2868 401 2927 Hostile
425 2870 555 2922 aratrum
578 2864 731 2921 Bistonius
754 2862 840 2919 latro.

289 2963 447 3034 Compesce
471 2959 612 3017 mentem!
658 2958 721 3015 Nos
745 2957 860 3030 quidem
881 2955 1022 3028 iniquitas

339 3055 473 3114 Lactavit
496 3059 622 3111 aetatem
648 3070 701 3125 per
726 3068 839 3109 emnem

340 3153 498 3218 Hactenus
522 3150 552 3205 in
576 3148 751 3220 Stygiasque
774 3162 868 3203 noxae

291 3291 397 3348 Mersit
419 3288 549 3360 paludes
574 3303 651 3342 nunc
673 3282 843 3341 melioribus

288 3387 405 3444 Mutare
429 3400 545 3441 avemus
569 3381 679 3451 turpia.
726 3379 770 3436 Tu
793 3377 880 3435 modo

339 3481 408 3536 Fias
432 3477 568 3548 relegatis
592 3476 705 3532 amicus

340 3573 494 3646 Suppliciis
518 3571 705 3641 animumque
729 3567 846 3625 reddas
