2476 4050
307 190 337 235 V.
365 191 503 236 MIOHAEL
527 192 707 240 HASLOBIVS.

211 373 214 381 '
278 366 318 422 Et
341 366 430 424 arbor
452 367 512 424 alta
534 367 654 427 frondes

278 461 419 530 Resurnit
444 467 474 518 et
495 463 628 521 volucres

277 556 421 613 Videntur
443 573 506 613 osso
529 557 623 615 laetae

278 649 337 707 Sub
360 651 483 707 hortulis
509 656 538 708 et
560 653 646 721 arvis,

279 744 432 817 Rosaoque
456 762 543 803 suavo
566 747 665 804 rident

276 839 481 912 Amabilesquo
504 839 602 897 flores.

277 933 403 991 Viresoit
426 935 527 991 hortus
551 935 650 993 herbis

278 1028 437 1100 Repletque
460 1035 589 1086 maestus
612 1048 699 1102 agros

279 1123 418 1180 Geniente
442 1141 511 1181 vooe
535 1130 642 1181 turtur.

280 1217 365 1289 Capit
387 1224 501 1276 resecta
523 1219 592 1275 vitis

276 1313 389 1369 Norunt
412 1312 484 1370 foris
508 1315 646 1384 vigorem,

278 1408 316 1463 Et
340 1407 454 1464 Oderae
477 1406 617 1466 fluentum

277 1502 424 1571 Auellulos
448 1490 571 1559 inundat

275 1598 403 1653 Natante
426 1598 506 1668 pisoe
529 1597 620 1652 inulto

277 1691 330 1748 Vol
353 1691 409 1747 huo
432 1692 514 1763 aquis
538 1690 583 1747 vel
607 1691 684 1760 illue,

275 1786 316 1842 Et
338 1785 551 1842 ambulationes

278 1880 400 1937 Iuventa
421 1880 499 1937 laeta
521 1880 627 1952 poscit.

275 1975 361 2032 Donni
385 1991 502 2031 manere
526 1990 616 2046 cogor

274 2069 458 2126 Necessitate
481 2069 584 2138 vietus,

277 2162 335 2220 Sed
358 2164 417 2220 alta
439 2180 519 2219 mens
543 2169 666 2234 vagatur

276 2258 332 2315 Por
355 2258 496 2325 hortator,
520 2274 573 2328 per
596 2275 682 2330 agros

274 2353 439 2424 Xernusquo
462 2352 566 2409 fronde
590 2353 721 2410 densum.

276 2447 388 2504 Adeste
410 2464 495 2516 inuno,
519 2449 614 2517 amici,

275 2542 315 2598 Et
336 2543 438 2598 intinro
462 2548 611 2613 receptum

275 2636 385 2695 Levate
409 2636 496 2694 oorde
520 2636 629 2693 luet-um

273 2731 352 2803 Lyra
375 2731 508 2802 bonoque
532 2732 599 2787 vino

274 2825 480 2897 Libellulisque
502 2825 595 2896 puris

276 2919 368 2990 Quod,
392 2920 470 2976 unici
493 2919 619 2988 sodales

275 3015 409 3072 Oceliulis
432 3015 547 3083 videtis

279 3109 314 3166 Id
336 3109 530 3181 adsequamur
551 3109 646 3180 ipsum

275 3203 419 3276 Sequente
442 3209 538 3260 niente
562 3203 659 3260 silvas.

58 3690 99 3724 Lat
110 3690 288 3725 mmrumrdenkm.
306 3689 321 3722 7.
